%YAML 1.1
%TAG !u! tag:unity3d.com,2011:
--- !u!29 &1
OcclusionCullingSettings:
  m_ObjectHideFlags: 0
  serializedVersion: 2
  m_OcclusionBakeSettings:
    smallestOccluder: 5
    smallestHole: 0.25
    backfaceThreshold: 100
  m_SceneGUID: 00000000000000000000000000000000
  m_OcclusionCullingData: {fileID: 0}
--- !u!104 &2
RenderSettings:
  m_ObjectHideFlags: 0
  serializedVersion: 9
  m_Fog: 0
  m_FogColor: {r: 0.5, g: 0.5, b: 0.5, a: 1}
  m_FogMode: 3
  m_FogDensity: 0.01
  m_LinearFogStart: 0
  m_LinearFogEnd: 300
  m_AmbientSkyColor: {r: 0.212, g: 0.227, b: 0.259, a: 1}
  m_AmbientEquatorColor: {r: 0.114, g: 0.125, b: 0.133, a: 1}
  m_AmbientGroundColor: {r: 0.047, g: 0.043, b: 0.035, a: 1}
  m_AmbientIntensity: 1
  m_AmbientMode: 0
  m_SubtractiveShadowColor: {r: 0.42, g: 0.478, b: 0.627, a: 1}
  m_SkyboxMaterial: {fileID: 10304, guid: 0000000000000000f000000000000000, type: 0}
  m_HaloStrength: 0.5
  m_FlareStrength: 1
  m_FlareFadeSpeed: 3
  m_HaloTexture: {fileID: 0}
  m_SpotCookie: {fileID: 10001, guid: 0000000000000000e000000000000000, type: 0}
  m_DefaultReflectionMode: 0
  m_DefaultReflectionResolution: 128
  m_ReflectionBounces: 1
  m_ReflectionIntensity: 1
  m_CustomReflection: {fileID: 0}
  m_Sun: {fileID: 0}
  m_IndirectSpecularColor: {r: 0, g: 0, b: 0, a: 1}
  m_UseRadianceAmbientProbe: 0
--- !u!157 &3
LightmapSettings:
  m_ObjectHideFlags: 0
  serializedVersion: 12
  m_GIWorkflowMode: 1
  m_GISettings:
    serializedVersion: 2
    m_BounceScale: 1
    m_IndirectOutputScale: 1
    m_AlbedoBoost: 1
    m_EnvironmentLightingMode: 0
    m_EnableBakedLightmaps: 1
    m_EnableRealtimeLightmaps: 0
  m_LightmapEditorSettings:
    serializedVersion: 12
    m_Resolution: 2
    m_BakeResolution: 40
    m_AtlasSize: 1024
    m_AO: 0
    m_AOMaxDistance: 1
    m_CompAOExponent: 1
    m_CompAOExponentDirect: 0
    m_ExtractAmbientOcclusion: 0
    m_Padding: 2
    m_LightmapParameters: {fileID: 0}
    m_LightmapsBakeMode: 1
    m_TextureCompression: 1
    m_FinalGather: 0
    m_FinalGatherFiltering: 1
    m_FinalGatherRayCount: 256
    m_ReflectionCompression: 2
    m_MixedBakeMode: 2
    m_BakeBackend: 1
    m_PVRSampling: 1
    m_PVRDirectSampleCount: 32
    m_PVRSampleCount: 512
    m_PVRBounces: 2
    m_PVREnvironmentSampleCount: 256
    m_PVREnvironmentReferencePointCount: 2048
    m_PVRFilteringMode: 1
    m_PVRDenoiserTypeDirect: 1
    m_PVRDenoiserTypeIndirect: 1
    m_PVRDenoiserTypeAO: 1
    m_PVRFilterTypeDirect: 0
    m_PVRFilterTypeIndirect: 0
    m_PVRFilterTypeAO: 0
    m_PVREnvironmentMIS: 1
    m_PVRCulling: 1
    m_PVRFilteringGaussRadiusDirect: 1
    m_PVRFilteringGaussRadiusIndirect: 5
    m_PVRFilteringGaussRadiusAO: 2
    m_PVRFilteringAtrousPositionSigmaDirect: 0.5
    m_PVRFilteringAtrousPositionSigmaIndirect: 2
    m_PVRFilteringAtrousPositionSigmaAO: 1
    m_ExportTrainingData: 0
    m_TrainingDataDestination: TrainingData
    m_LightProbeSampleCountMultiplier: 4
  m_LightingDataAsset: {fileID: 0}
  m_LightingSettings: {fileID: 0}
--- !u!196 &4
NavMeshSettings:
  serializedVersion: 2
  m_ObjectHideFlags: 0
  m_BuildSettings:
    serializedVersion: 2
    agentTypeID: 0
    agentRadius: 0.5
    agentHeight: 2
    agentSlope: 45
    agentClimb: 0.4
    ledgeDropHeight: 0
    maxJumpAcrossDistance: 0
    minRegionArea: 2
    manualCellSize: 0
    cellSize: 0.16666667
    manualTileSize: 0
    tileSize: 256
    accuratePlacement: 0
    maxJobWorkers: 0
    preserveTilesOutsideBounds: 0
    debug:
      m_Flags: 0
  m_NavMeshData: {fileID: 0}
--- !u!1 &349151933
GameObject:
  m_ObjectHideFlags: 0
  m_CorrespondingSourceObject: {fileID: 0}
  m_PrefabInstance: {fileID: 0}
  m_PrefabAsset: {fileID: 0}
  serializedVersion: 6
  m_Component:
  - component: {fileID: 349151935}
  - component: {fileID: 349151934}
  m_Layer: 0
  m_Name: Point Light_01
  m_TagString: Untagged
  m_Icon: {fileID: 0}
  m_NavMeshLayer: 0
  m_StaticEditorFlags: 0
  m_IsActive: 1
--- !u!108 &349151934
Light:
  m_ObjectHideFlags: 0
  m_CorrespondingSourceObject: {fileID: 0}
  m_PrefabInstance: {fileID: 0}
  m_PrefabAsset: {fileID: 0}
  m_GameObject: {fileID: 349151933}
  m_Enabled: 1
  serializedVersion: 10
  m_Type: 2
  m_Shape: 0
  m_Color: {r: 1, g: 1, b: 1, a: 1}
  m_Intensity: 1
  m_Range: 10
  m_SpotAngle: 30
  m_InnerSpotAngle: 21.80208
  m_CookieSize: 10
  m_Shadows:
    m_Type: 0
    m_Resolution: -1
    m_CustomResolution: -1
    m_Strength: 1
    m_Bias: 0.05
    m_NormalBias: 0.4
    m_NearPlane: 0.2
    m_CullingMatrixOverride:
      e00: 1
      e01: 0
      e02: 0
      e03: 0
      e10: 0
      e11: 1
      e12: 0
      e13: 0
      e20: 0
      e21: 0
      e22: 1
      e23: 0
      e30: 0
      e31: 0
      e32: 0
      e33: 1
    m_UseCullingMatrixOverride: 0
  m_Cookie: {fileID: 0}
  m_DrawHalo: 0
  m_Flare: {fileID: 0}
  m_RenderMode: 0
  m_CullingMask:
    serializedVersion: 2
    m_Bits: 4294967295
  m_RenderingLayerMask: 1
  m_Lightmapping: 1
  m_LightShadowCasterMode: 0
  m_AreaSize: {x: 1, y: 1}
  m_BounceIntensity: 1
  m_ColorTemperature: 6570
  m_UseColorTemperature: 0
  m_BoundingSphereOverride: {x: 0, y: 0, z: 0, w: 0}
  m_UseBoundingSphereOverride: 0
  m_ShadowRadius: 0
  m_ShadowAngle: 0
--- !u!4 &349151935
Transform:
  m_ObjectHideFlags: 0
  m_CorrespondingSourceObject: {fileID: 0}
  m_PrefabInstance: {fileID: 0}
  m_PrefabAsset: {fileID: 0}
  m_GameObject: {fileID: 349151933}
  m_LocalRotation: {x: 0, y: 0, z: 0, w: 1}
  m_LocalPosition: {x: -0.05103907, y: 2.6059997, z: 3.882}
  m_LocalScale: {x: 1, y: 1, z: 1}
  m_Children: []
  m_Father: {fileID: 0}
  m_RootOrder: 4
  m_LocalEulerAnglesHint: {x: 0, y: 0, z: 0}
--- !u!1001 &410004819
PrefabInstance:
  m_ObjectHideFlags: 0
  serializedVersion: 2
  m_Modification:
    m_TransformParent: {fileID: 0}
    m_Modifications:
    - target: {fileID: 602194164934744546, guid: ec9983472e0ee6a47a9755e4eb02b61f, type: 3}
      propertyPath: m_IsActive
      value: 1
      objectReference: {fileID: 0}
    - target: {fileID: 602194165024955489, guid: ec9983472e0ee6a47a9755e4eb02b61f, type: 3}
      propertyPath: firstPersonMeshs.Array.size
      value: 1
      objectReference: {fileID: 0}
    - target: {fileID: 602194165024955489, guid: ec9983472e0ee6a47a9755e4eb02b61f, type: 3}
      propertyPath: isOnBuss
      value: 1
      objectReference: {fileID: 0}
    - target: {fileID: 602194165024955495, guid: ec9983472e0ee6a47a9755e4eb02b61f, type: 3}
      propertyPath: m_LocalPosition.x
      value: 0
      objectReference: {fileID: 0}
    - target: {fileID: 602194165024955495, guid: ec9983472e0ee6a47a9755e4eb02b61f, type: 3}
      propertyPath: m_LocalPosition.y
      value: 0
      objectReference: {fileID: 0}
    - target: {fileID: 602194165024955495, guid: ec9983472e0ee6a47a9755e4eb02b61f, type: 3}
      propertyPath: m_LocalPosition.z
      value: 0
      objectReference: {fileID: 0}
    - target: {fileID: 602194165024955495, guid: ec9983472e0ee6a47a9755e4eb02b61f, type: 3}
      propertyPath: m_LocalRotation.x
      value: -0
      objectReference: {fileID: 0}
    - target: {fileID: 602194165024955495, guid: ec9983472e0ee6a47a9755e4eb02b61f, type: 3}
      propertyPath: m_LocalRotation.y
      value: -0
      objectReference: {fileID: 0}
    - target: {fileID: 602194165024955495, guid: ec9983472e0ee6a47a9755e4eb02b61f, type: 3}
      propertyPath: m_LocalRotation.z
      value: -0
      objectReference: {fileID: 0}
    - target: {fileID: 602194165024955495, guid: ec9983472e0ee6a47a9755e4eb02b61f, type: 3}
      propertyPath: m_LocalRotation.w
      value: 1
      objectReference: {fileID: 0}
    - target: {fileID: 602194165024955495, guid: ec9983472e0ee6a47a9755e4eb02b61f, type: 3}
      propertyPath: m_RootOrder
      value: 3
      objectReference: {fileID: 0}
    - target: {fileID: 602194165024955495, guid: ec9983472e0ee6a47a9755e4eb02b61f, type: 3}
      propertyPath: m_LocalEulerAnglesHint.x
      value: 0
      objectReference: {fileID: 0}
    - target: {fileID: 602194165024955495, guid: ec9983472e0ee6a47a9755e4eb02b61f, type: 3}
      propertyPath: m_LocalEulerAnglesHint.y
      value: 0
      objectReference: {fileID: 0}
    - target: {fileID: 602194165024955495, guid: ec9983472e0ee6a47a9755e4eb02b61f, type: 3}
      propertyPath: m_LocalEulerAnglesHint.z
      value: 0
      objectReference: {fileID: 0}
    - target: {fileID: 602194165024955496, guid: ec9983472e0ee6a47a9755e4eb02b61f, type: 3}
      propertyPath: m_Enabled
      value: 0
      objectReference: {fileID: 0}
    - target: {fileID: 602194165024955499, guid: ec9983472e0ee6a47a9755e4eb02b61f, type: 3}
      propertyPath: m_Name
      value: Player
      objectReference: {fileID: 0}
    - target: {fileID: 602194165024955499, guid: ec9983472e0ee6a47a9755e4eb02b61f, type: 3}
      propertyPath: m_IsActive
      value: 1
      objectReference: {fileID: 0}
    - target: {fileID: 602194165648953105, guid: ec9983472e0ee6a47a9755e4eb02b61f, type: 3}
      propertyPath: m_AnchorMin.y
      value: 0
      objectReference: {fileID: 0}
    - target: {fileID: 602194165648953105, guid: ec9983472e0ee6a47a9755e4eb02b61f, type: 3}
      propertyPath: m_AnchorMax.y
      value: 0
      objectReference: {fileID: 0}
    - target: {fileID: 602194165648953105, guid: ec9983472e0ee6a47a9755e4eb02b61f, type: 3}
      propertyPath: m_AnchoredPosition.x
      value: 0
      objectReference: {fileID: 0}
    - target: {fileID: 602194165648953105, guid: ec9983472e0ee6a47a9755e4eb02b61f, type: 3}
      propertyPath: m_AnchoredPosition.y
      value: 0
      objectReference: {fileID: 0}
    - target: {fileID: 602194166324676004, guid: ec9983472e0ee6a47a9755e4eb02b61f, type: 3}
      propertyPath: m_Enabled
      value: 1
      objectReference: {fileID: 0}
    - target: {fileID: 602194166743585793, guid: ec9983472e0ee6a47a9755e4eb02b61f, type: 3}
      propertyPath: m_AnchorMin.y
      value: 0
      objectReference: {fileID: 0}
    - target: {fileID: 602194166743585793, guid: ec9983472e0ee6a47a9755e4eb02b61f, type: 3}
      propertyPath: m_AnchorMax.y
      value: 0
      objectReference: {fileID: 0}
    - target: {fileID: 602194166743585793, guid: ec9983472e0ee6a47a9755e4eb02b61f, type: 3}
      propertyPath: m_AnchoredPosition.x
      value: 0
      objectReference: {fileID: 0}
    - target: {fileID: 602194166743585793, guid: ec9983472e0ee6a47a9755e4eb02b61f, type: 3}
      propertyPath: m_AnchoredPosition.y
      value: 0
      objectReference: {fileID: 0}
    - target: {fileID: 602194166743585793, guid: ec9983472e0ee6a47a9755e4eb02b61f, type: 3}
      propertyPath: m_SizeDelta.x
      value: 0
      objectReference: {fileID: 0}
    - target: {fileID: 602194166743585793, guid: ec9983472e0ee6a47a9755e4eb02b61f, type: 3}
      propertyPath: m_SizeDelta.y
      value: 0
      objectReference: {fileID: 0}
    - target: {fileID: 1380319790136659241, guid: ec9983472e0ee6a47a9755e4eb02b61f, type: 3}
      propertyPath: m_SpriteSortPoint
      value: 1
      objectReference: {fileID: 0}
    - target: {fileID: 5514086792640567149, guid: ec9983472e0ee6a47a9755e4eb02b61f, type: 3}
      propertyPath: m_LocalPosition.z
      value: 16.75
      objectReference: {fileID: 0}
    - target: {fileID: 7949575582490246200, guid: ec9983472e0ee6a47a9755e4eb02b61f, type: 3}
      propertyPath: m_IsActive
      value: 1
      objectReference: {fileID: 0}
    - target: {fileID: 8975910983815139034, guid: ec9983472e0ee6a47a9755e4eb02b61f, type: 3}
      propertyPath: m_IsTrigger
      value: 1
      objectReference: {fileID: 0}
    - target: {fileID: 8975910983815139034, guid: ec9983472e0ee6a47a9755e4eb02b61f, type: 3}
      propertyPath: m_Size.x
      value: 2.09
      objectReference: {fileID: 0}
    - target: {fileID: 8975910983815139034, guid: ec9983472e0ee6a47a9755e4eb02b61f, type: 3}
      propertyPath: m_Center.y
      value: 1.51
      objectReference: {fileID: 0}
    - target: {fileID: 8975910983815139034, guid: ec9983472e0ee6a47a9755e4eb02b61f, type: 3}
      propertyPath: m_Size.y
      value: 2.42
      objectReference: {fileID: 0}
    - target: {fileID: 8975910983815139034, guid: ec9983472e0ee6a47a9755e4eb02b61f, type: 3}
      propertyPath: m_Size.z
      value: 0.36
      objectReference: {fileID: 0}
    m_RemovedComponents: []
  m_SourcePrefab: {fileID: 100100000, guid: ec9983472e0ee6a47a9755e4eb02b61f, type: 3}
--- !u!1 &690104556
GameObject:
  m_ObjectHideFlags: 0
  m_CorrespondingSourceObject: {fileID: 0}
  m_PrefabInstance: {fileID: 0}
  m_PrefabAsset: {fileID: 0}
  serializedVersion: 6
  m_Component:
  - component: {fileID: 690104558}
  - component: {fileID: 690104557}
  m_Layer: 0
  m_Name: Directional Light
  m_TagString: Untagged
  m_Icon: {fileID: 0}
  m_NavMeshLayer: 0
  m_StaticEditorFlags: 0
  m_IsActive: 1
--- !u!108 &690104557
Light:
  m_ObjectHideFlags: 0
  m_CorrespondingSourceObject: {fileID: 0}
  m_PrefabInstance: {fileID: 0}
  m_PrefabAsset: {fileID: 0}
  m_GameObject: {fileID: 690104556}
  m_Enabled: 1
  serializedVersion: 10
  m_Type: 1
  m_Shape: 0
  m_Color: {r: 1, g: 0.95686275, b: 0.8392157, a: 1}
  m_Intensity: 1
  m_Range: 10
  m_SpotAngle: 30
  m_InnerSpotAngle: 21.80208
  m_CookieSize: 10
  m_Shadows:
    m_Type: 2
    m_Resolution: -1
    m_CustomResolution: -1
    m_Strength: 1
    m_Bias: 0.05
    m_NormalBias: 0.4
    m_NearPlane: 0.2
    m_CullingMatrixOverride:
      e00: 1
      e01: 0
      e02: 0
      e03: 0
      e10: 0
      e11: 1
      e12: 0
      e13: 0
      e20: 0
      e21: 0
      e22: 1
      e23: 0
      e30: 0
      e31: 0
      e32: 0
      e33: 1
    m_UseCullingMatrixOverride: 0
  m_Cookie: {fileID: 0}
  m_DrawHalo: 0
  m_Flare: {fileID: 0}
  m_RenderMode: 0
  m_CullingMask:
    serializedVersion: 2
    m_Bits: 4294967295
  m_RenderingLayerMask: 1
  m_Lightmapping: 4
  m_LightShadowCasterMode: 0
  m_AreaSize: {x: 1, y: 1}
  m_BounceIntensity: 1
  m_ColorTemperature: 6570
  m_UseColorTemperature: 0
  m_BoundingSphereOverride: {x: 0, y: 0, z: 0, w: 0}
  m_UseBoundingSphereOverride: 0
  m_ShadowRadius: 0
  m_ShadowAngle: 0
--- !u!4 &690104558
Transform:
  m_ObjectHideFlags: 0
  m_CorrespondingSourceObject: {fileID: 0}
  m_PrefabInstance: {fileID: 0}
  m_PrefabAsset: {fileID: 0}
  m_GameObject: {fileID: 690104556}
  m_LocalRotation: {x: 0.40821788, y: -0.23456968, z: 0.10938163, w: 0.8754261}
  m_LocalPosition: {x: 0, y: 9.05, z: 0}
  m_LocalScale: {x: 1, y: 1, z: 1}
  m_Children: []
  m_Father: {fileID: 0}
  m_RootOrder: 0
  m_LocalEulerAnglesHint: {x: 50, y: -30, z: 0}
--- !u!20 &830047816 stripped
Camera:
  m_CorrespondingSourceObject: {fileID: 602194164934744544, guid: ec9983472e0ee6a47a9755e4eb02b61f, type: 3}
  m_PrefabInstance: {fileID: 410004819}
  m_PrefabAsset: {fileID: 0}
--- !u!1 &853473061
GameObject:
  m_ObjectHideFlags: 0
  m_CorrespondingSourceObject: {fileID: 0}
  m_PrefabInstance: {fileID: 0}
  m_PrefabAsset: {fileID: 0}
  serializedVersion: 6
  m_Component:
  - component: {fileID: 853473065}
  - component: {fileID: 853473064}
  - component: {fileID: 853473063}
  - component: {fileID: 853473062}
  m_Layer: 9
  m_Name: Plane
  m_TagString: Untagged
  m_Icon: {fileID: 0}
  m_NavMeshLayer: 0
  m_StaticEditorFlags: 0
  m_IsActive: 1
--- !u!64 &853473062
MeshCollider:
  m_ObjectHideFlags: 0
  m_CorrespondingSourceObject: {fileID: 0}
  m_PrefabInstance: {fileID: 0}
  m_PrefabAsset: {fileID: 0}
  m_GameObject: {fileID: 853473061}
  m_Material: {fileID: 0}
  m_IsTrigger: 0
  m_Enabled: 1
  serializedVersion: 4
  m_Convex: 0
  m_CookingOptions: 30
  m_Mesh: {fileID: 10209, guid: 0000000000000000e000000000000000, type: 0}
--- !u!23 &853473063
MeshRenderer:
  m_ObjectHideFlags: 0
  m_CorrespondingSourceObject: {fileID: 0}
  m_PrefabInstance: {fileID: 0}
  m_PrefabAsset: {fileID: 0}
  m_GameObject: {fileID: 853473061}
  m_Enabled: 1
  m_CastShadows: 1
  m_ReceiveShadows: 1
  m_DynamicOccludee: 1
  m_MotionVectors: 1
  m_LightProbeUsage: 1
  m_ReflectionProbeUsage: 1
  m_RayTracingMode: 2
  m_RayTraceProcedural: 0
  m_RenderingLayerMask: 1
  m_RendererPriority: 0
  m_Materials:
  - {fileID: 10303, guid: 0000000000000000f000000000000000, type: 0}
  m_StaticBatchInfo:
    firstSubMesh: 0
    subMeshCount: 0
  m_StaticBatchRoot: {fileID: 0}
  m_ProbeAnchor: {fileID: 0}
  m_LightProbeVolumeOverride: {fileID: 0}
  m_ScaleInLightmap: 1
  m_ReceiveGI: 1
  m_PreserveUVs: 0
  m_IgnoreNormalsForChartDetection: 0
  m_ImportantGI: 0
  m_StitchLightmapSeams: 1
  m_SelectedEditorRenderState: 3
  m_MinimumChartSize: 4
  m_AutoUVMaxDistance: 0.5
  m_AutoUVMaxAngle: 89
  m_LightmapParameters: {fileID: 0}
  m_SortingLayerID: 0
  m_SortingLayer: 0
  m_SortingOrder: 0
  m_AdditionalVertexStreams: {fileID: 0}
--- !u!33 &853473064
MeshFilter:
  m_ObjectHideFlags: 0
  m_CorrespondingSourceObject: {fileID: 0}
  m_PrefabInstance: {fileID: 0}
  m_PrefabAsset: {fileID: 0}
  m_GameObject: {fileID: 853473061}
  m_Mesh: {fileID: 10209, guid: 0000000000000000e000000000000000, type: 0}
--- !u!4 &853473065
Transform:
  m_ObjectHideFlags: 0
  m_CorrespondingSourceObject: {fileID: 0}
  m_PrefabInstance: {fileID: 0}
  m_PrefabAsset: {fileID: 0}
  m_GameObject: {fileID: 853473061}
  m_LocalRotation: {x: 0, y: 0, z: 0, w: 1}
  m_LocalPosition: {x: 0, y: 0, z: 0}
  m_LocalScale: {x: 3, y: 3, z: 3}
  m_Children: []
  m_Father: {fileID: 0}
  m_RootOrder: 6
  m_LocalEulerAnglesHint: {x: 0, y: 0, z: 0}
--- !u!1 &1257366576 stripped
GameObject:
  m_CorrespondingSourceObject: {fileID: 7949575582490246200, guid: ec9983472e0ee6a47a9755e4eb02b61f, type: 3}
  m_PrefabInstance: {fileID: 410004819}
  m_PrefabAsset: {fileID: 0}
--- !u!1 &1763321818
GameObject:
  m_ObjectHideFlags: 0
  m_CorrespondingSourceObject: {fileID: 0}
  m_PrefabInstance: {fileID: 0}
  m_PrefabAsset: {fileID: 0}
  serializedVersion: 6
  m_Component:
  - component: {fileID: 1763321820}
  - component: {fileID: 1763321819}
  m_Layer: 0
  m_Name: Point Light
  m_TagString: Untagged
  m_Icon: {fileID: 0}
  m_NavMeshLayer: 0
  m_StaticEditorFlags: 0
  m_IsActive: 1
--- !u!108 &1763321819
Light:
  m_ObjectHideFlags: 0
  m_CorrespondingSourceObject: {fileID: 0}
  m_PrefabInstance: {fileID: 0}
  m_PrefabAsset: {fileID: 0}
  m_GameObject: {fileID: 1763321818}
  m_Enabled: 1
  serializedVersion: 10
  m_Type: 2
  m_Shape: 0
  m_Color: {r: 1, g: 1, b: 1, a: 1}
  m_Intensity: 1
  m_Range: 10
  m_SpotAngle: 30
  m_InnerSpotAngle: 21.80208
  m_CookieSize: 10
  m_Shadows:
    m_Type: 0
    m_Resolution: -1
    m_CustomResolution: -1
    m_Strength: 1
    m_Bias: 0.05
    m_NormalBias: 0.4
    m_NearPlane: 0.2
    m_CullingMatrixOverride:
      e00: 1
      e01: 0
      e02: 0
      e03: 0
      e10: 0
      e11: 1
      e12: 0
      e13: 0
      e20: 0
      e21: 0
      e22: 1
      e23: 0
      e30: 0
      e31: 0
      e32: 0
      e33: 1
    m_UseCullingMatrixOverride: 0
  m_Cookie: {fileID: 0}
  m_DrawHalo: 0
  m_Flare: {fileID: 0}
  m_RenderMode: 0
  m_CullingMask:
    serializedVersion: 2
    m_Bits: 4294967295
  m_RenderingLayerMask: 1
  m_Lightmapping: 1
  m_LightShadowCasterMode: 0
  m_AreaSize: {x: 1, y: 1}
  m_BounceIntensity: 1
  m_ColorTemperature: 6570
  m_UseColorTemperature: 0
  m_BoundingSphereOverride: {x: 0, y: 0, z: 0, w: 0}
  m_UseBoundingSphereOverride: 0
  m_ShadowRadius: 0
  m_ShadowAngle: 0
--- !u!4 &1763321820
Transform:
  m_ObjectHideFlags: 0
  m_CorrespondingSourceObject: {fileID: 0}
  m_PrefabInstance: {fileID: 0}
  m_PrefabAsset: {fileID: 0}
  m_GameObject: {fileID: 1763321818}
  m_LocalRotation: {x: 0, y: 0, z: 0, w: 1}
  m_LocalPosition: {x: -0.05103907, y: 2.6059997, z: 0.33}
  m_LocalScale: {x: 1, y: 1, z: 1}
  m_Children: []
  m_Father: {fileID: 0}
  m_RootOrder: 1
  m_LocalEulerAnglesHint: {x: 0, y: 0, z: 0}
--- !u!1 &1990378814
GameObject:
  m_ObjectHideFlags: 0
  m_CorrespondingSourceObject: {fileID: 0}
  m_PrefabInstance: {fileID: 0}
  m_PrefabAsset: {fileID: 0}
  serializedVersion: 6
  m_Component:
  - component: {fileID: 1990378817}
  - component: {fileID: 1990378816}
  - component: {fileID: 1990378815}
  m_Layer: 0
  m_Name: EventSystem
  m_TagString: Untagged
  m_Icon: {fileID: 0}
  m_NavMeshLayer: 0
  m_StaticEditorFlags: 0
  m_IsActive: 1
--- !u!114 &1990378815
MonoBehaviour:
  m_ObjectHideFlags: 0
  m_CorrespondingSourceObject: {fileID: 0}
  m_PrefabInstance: {fileID: 0}
  m_PrefabAsset: {fileID: 0}
  m_GameObject: {fileID: 1990378814}
  m_Enabled: 1
  m_EditorHideFlags: 0
  m_Script: {fileID: 11500000, guid: 4f231c4fb786f3946a6b90b886c48677, type: 3}
  m_Name: 
  m_EditorClassIdentifier: 
  m_HorizontalAxis: Horizontal
  m_VerticalAxis: Vertical
  m_SubmitButton: Submit
  m_CancelButton: Cancel
  m_InputActionsPerSecond: 10
  m_RepeatDelay: 0.5
  m_ForceModuleActive: 0
--- !u!114 &1990378816
MonoBehaviour:
  m_ObjectHideFlags: 0
  m_CorrespondingSourceObject: {fileID: 0}
  m_PrefabInstance: {fileID: 0}
  m_PrefabAsset: {fileID: 0}
  m_GameObject: {fileID: 1990378814}
  m_Enabled: 1
  m_EditorHideFlags: 0
  m_Script: {fileID: 11500000, guid: 76c392e42b5098c458856cdf6ecaaaa1, type: 3}
  m_Name: 
  m_EditorClassIdentifier: 
  m_FirstSelected: {fileID: 0}
  m_sendNavigationEvents: 1
  m_DragThreshold: 10
--- !u!4 &1990378817
Transform:
  m_ObjectHideFlags: 0
  m_CorrespondingSourceObject: {fileID: 0}
  m_PrefabInstance: {fileID: 0}
  m_PrefabAsset: {fileID: 0}
  m_GameObject: {fileID: 1990378814}
  m_LocalRotation: {x: 0, y: 0, z: 0, w: 1}
  m_LocalPosition: {x: 0, y: 0, z: 0}
  m_LocalScale: {x: 1, y: 1, z: 1}
  m_Children: []
  m_Father: {fileID: 0}
  m_RootOrder: 5
  m_LocalEulerAnglesHint: {x: 0, y: 0, z: 0}
--- !u!1001 &7119559625384135772
PrefabInstance:
  m_ObjectHideFlags: 0
  serializedVersion: 2
  m_Modification:
    m_TransformParent: {fileID: 0}
    m_Modifications:
    - target: {fileID: 40405817672927473, guid: 8e4e1e650579a9745a2f125f0db9b22b, type: 3}
      propertyPath: m_LocalPosition.x
      value: 0
      objectReference: {fileID: 0}
    - target: {fileID: 40405817672927473, guid: 8e4e1e650579a9745a2f125f0db9b22b, type: 3}
      propertyPath: m_LocalPosition.y
      value: 0
      objectReference: {fileID: 0}
    - target: {fileID: 40405817672927473, guid: 8e4e1e650579a9745a2f125f0db9b22b, type: 3}
      propertyPath: m_LocalPosition.z
      value: 6.21
      objectReference: {fileID: 0}
    - target: {fileID: 40405817672927473, guid: 8e4e1e650579a9745a2f125f0db9b22b, type: 3}
      propertyPath: m_LocalRotation.x
      value: -0
      objectReference: {fileID: 0}
    - target: {fileID: 40405817672927473, guid: 8e4e1e650579a9745a2f125f0db9b22b, type: 3}
      propertyPath: m_LocalRotation.y
      value: -0
      objectReference: {fileID: 0}
    - target: {fileID: 40405817672927473, guid: 8e4e1e650579a9745a2f125f0db9b22b, type: 3}
      propertyPath: m_LocalRotation.z
      value: -0
      objectReference: {fileID: 0}
    - target: {fileID: 40405817672927473, guid: 8e4e1e650579a9745a2f125f0db9b22b, type: 3}
      propertyPath: m_LocalRotation.w
      value: 1
      objectReference: {fileID: 0}
    - target: {fileID: 40405817672927473, guid: 8e4e1e650579a9745a2f125f0db9b22b, type: 3}
      propertyPath: m_RootOrder
      value: 2
      objectReference: {fileID: 0}
    - target: {fileID: 40405817672927473, guid: 8e4e1e650579a9745a2f125f0db9b22b, type: 3}
      propertyPath: m_LocalEulerAnglesHint.x
      value: 0
      objectReference: {fileID: 0}
    - target: {fileID: 40405817672927473, guid: 8e4e1e650579a9745a2f125f0db9b22b, type: 3}
      propertyPath: m_LocalEulerAnglesHint.y
      value: 0
      objectReference: {fileID: 0}
    - target: {fileID: 40405817672927473, guid: 8e4e1e650579a9745a2f125f0db9b22b, type: 3}
      propertyPath: m_LocalEulerAnglesHint.z
      value: 0
      objectReference: {fileID: 0}
    - target: {fileID: 4080088545414010902, guid: 8e4e1e650579a9745a2f125f0db9b22b, type: 3}
      propertyPath: m_Camera
      value: 
      objectReference: {fileID: 830047816}
    - target: {fileID: 6173696705668875447, guid: 8e4e1e650579a9745a2f125f0db9b22b, type: 3}
      propertyPath: m_Name
      value: ShipConsole
      objectReference: {fileID: 0}
    - target: {fileID: 7119559624921395029, guid: 8e4e1e650579a9745a2f125f0db9b22b, type: 3}
      propertyPath: m_AnchorMin.y
      value: 0
      objectReference: {fileID: 0}
    - target: {fileID: 7119559624921395029, guid: 8e4e1e650579a9745a2f125f0db9b22b, type: 3}
      propertyPath: m_AnchorMax.y
      value: 0
      objectReference: {fileID: 0}
    - target: {fileID: 7119559624921395029, guid: 8e4e1e650579a9745a2f125f0db9b22b, type: 3}
      propertyPath: m_AnchoredPosition.x
      value: 0
      objectReference: {fileID: 0}
    - target: {fileID: 7119559624921395029, guid: 8e4e1e650579a9745a2f125f0db9b22b, type: 3}
      propertyPath: m_AnchoredPosition.y
      value: 0
      objectReference: {fileID: 0}
    - target: {fileID: 7119559624921395029, guid: 8e4e1e650579a9745a2f125f0db9b22b, type: 3}
      propertyPath: m_SizeDelta.x
      value: 0
      objectReference: {fileID: 0}
    - target: {fileID: 7119559624921395029, guid: 8e4e1e650579a9745a2f125f0db9b22b, type: 3}
      propertyPath: m_SizeDelta.y
      value: 0
      objectReference: {fileID: 0}
    - target: {fileID: 7119559624952517584, guid: 8e4e1e650579a9745a2f125f0db9b22b, type: 3}
      propertyPath: m_AnchorMin.y
      value: 0
      objectReference: {fileID: 0}
    - target: {fileID: 7119559624952517584, guid: 8e4e1e650579a9745a2f125f0db9b22b, type: 3}
      propertyPath: m_AnchorMax.y
      value: 0
      objectReference: {fileID: 0}
    - target: {fileID: 7119559624952517584, guid: 8e4e1e650579a9745a2f125f0db9b22b, type: 3}
      propertyPath: m_AnchoredPosition.x
      value: 0
      objectReference: {fileID: 0}
    - target: {fileID: 7119559624952517584, guid: 8e4e1e650579a9745a2f125f0db9b22b, type: 3}
      propertyPath: m_AnchoredPosition.y
      value: 0
      objectReference: {fileID: 0}
    - target: {fileID: 7119559624952517584, guid: 8e4e1e650579a9745a2f125f0db9b22b, type: 3}
      propertyPath: m_SizeDelta.x
      value: 0
      objectReference: {fileID: 0}
    - target: {fileID: 7119559624952517584, guid: 8e4e1e650579a9745a2f125f0db9b22b, type: 3}
      propertyPath: m_SizeDelta.y
      value: 0
      objectReference: {fileID: 0}
    - target: {fileID: 7119559625007783509, guid: 8e4e1e650579a9745a2f125f0db9b22b, type: 3}
      propertyPath: m_AnchorMin.y
      value: 0
      objectReference: {fileID: 0}
    - target: {fileID: 7119559625007783509, guid: 8e4e1e650579a9745a2f125f0db9b22b, type: 3}
      propertyPath: m_AnchorMax.y
      value: 0
      objectReference: {fileID: 0}
    - target: {fileID: 7119559625007783509, guid: 8e4e1e650579a9745a2f125f0db9b22b, type: 3}
      propertyPath: m_AnchoredPosition.x
      value: 0
      objectReference: {fileID: 0}
    - target: {fileID: 7119559625007783509, guid: 8e4e1e650579a9745a2f125f0db9b22b, type: 3}
      propertyPath: m_AnchoredPosition.y
      value: 0
      objectReference: {fileID: 0}
    - target: {fileID: 7119559625007783509, guid: 8e4e1e650579a9745a2f125f0db9b22b, type: 3}
      propertyPath: m_SizeDelta.x
      value: 0
      objectReference: {fileID: 0}
    - target: {fileID: 7119559625007783509, guid: 8e4e1e650579a9745a2f125f0db9b22b, type: 3}
      propertyPath: m_SizeDelta.y
      value: 0
      objectReference: {fileID: 0}
    - target: {fileID: 7119559625080564485, guid: 8e4e1e650579a9745a2f125f0db9b22b, type: 3}
      propertyPath: m_AnchorMin.y
      value: 0
      objectReference: {fileID: 0}
    - target: {fileID: 7119559625080564485, guid: 8e4e1e650579a9745a2f125f0db9b22b, type: 3}
      propertyPath: m_AnchorMax.y
      value: 0
      objectReference: {fileID: 0}
    - target: {fileID: 7119559625080564485, guid: 8e4e1e650579a9745a2f125f0db9b22b, type: 3}
      propertyPath: m_AnchoredPosition.x
      value: 0
      objectReference: {fileID: 0}
    - target: {fileID: 7119559625080564485, guid: 8e4e1e650579a9745a2f125f0db9b22b, type: 3}
      propertyPath: m_AnchoredPosition.y
      value: 0
      objectReference: {fileID: 0}
    - target: {fileID: 7119559625080564485, guid: 8e4e1e650579a9745a2f125f0db9b22b, type: 3}
      propertyPath: m_SizeDelta.x
      value: 0
      objectReference: {fileID: 0}
    - target: {fileID: 7119559625080564485, guid: 8e4e1e650579a9745a2f125f0db9b22b, type: 3}
      propertyPath: m_SizeDelta.y
      value: 0
      objectReference: {fileID: 0}
    - target: {fileID: 7119559625086271371, guid: 8e4e1e650579a9745a2f125f0db9b22b, type: 3}
      propertyPath: m_AnchorMin.y
      value: 0
      objectReference: {fileID: 0}
    - target: {fileID: 7119559625086271371, guid: 8e4e1e650579a9745a2f125f0db9b22b, type: 3}
      propertyPath: m_AnchorMax.y
      value: 0
      objectReference: {fileID: 0}
    - target: {fileID: 7119559625086271371, guid: 8e4e1e650579a9745a2f125f0db9b22b, type: 3}
      propertyPath: m_AnchoredPosition.x
      value: 0
      objectReference: {fileID: 0}
    - target: {fileID: 7119559625086271371, guid: 8e4e1e650579a9745a2f125f0db9b22b, type: 3}
      propertyPath: m_AnchoredPosition.y
      value: 0
      objectReference: {fileID: 0}
    - target: {fileID: 7119559625086271371, guid: 8e4e1e650579a9745a2f125f0db9b22b, type: 3}
      propertyPath: m_SizeDelta.x
      value: 0
      objectReference: {fileID: 0}
    - target: {fileID: 7119559625086271371, guid: 8e4e1e650579a9745a2f125f0db9b22b, type: 3}
      propertyPath: m_SizeDelta.y
      value: 0
      objectReference: {fileID: 0}
    - target: {fileID: 7119559625151962648, guid: 8e4e1e650579a9745a2f125f0db9b22b, type: 3}
      propertyPath: m_AnchorMin.y
      value: 0
      objectReference: {fileID: 0}
    - target: {fileID: 7119559625151962648, guid: 8e4e1e650579a9745a2f125f0db9b22b, type: 3}
      propertyPath: m_AnchorMax.y
      value: 0
      objectReference: {fileID: 0}
    - target: {fileID: 7119559625151962648, guid: 8e4e1e650579a9745a2f125f0db9b22b, type: 3}
      propertyPath: m_AnchoredPosition.x
      value: 0
      objectReference: {fileID: 0}
    - target: {fileID: 7119559625151962648, guid: 8e4e1e650579a9745a2f125f0db9b22b, type: 3}
      propertyPath: m_AnchoredPosition.y
      value: 0
      objectReference: {fileID: 0}
    - target: {fileID: 7119559625151962648, guid: 8e4e1e650579a9745a2f125f0db9b22b, type: 3}
      propertyPath: m_SizeDelta.x
      value: 0
      objectReference: {fileID: 0}
    - target: {fileID: 7119559625151962648, guid: 8e4e1e650579a9745a2f125f0db9b22b, type: 3}
      propertyPath: m_SizeDelta.y
      value: 0
      objectReference: {fileID: 0}
    - target: {fileID: 7119559625159613023, guid: 8e4e1e650579a9745a2f125f0db9b22b, type: 3}
      propertyPath: m_AnchorMin.y
      value: 0
      objectReference: {fileID: 0}
    - target: {fileID: 7119559625159613023, guid: 8e4e1e650579a9745a2f125f0db9b22b, type: 3}
      propertyPath: m_AnchorMax.y
      value: 0
      objectReference: {fileID: 0}
    - target: {fileID: 7119559625159613023, guid: 8e4e1e650579a9745a2f125f0db9b22b, type: 3}
      propertyPath: m_AnchoredPosition.x
      value: 0
      objectReference: {fileID: 0}
    - target: {fileID: 7119559625159613023, guid: 8e4e1e650579a9745a2f125f0db9b22b, type: 3}
      propertyPath: m_AnchoredPosition.y
      value: 0
      objectReference: {fileID: 0}
    - target: {fileID: 7119559625159613023, guid: 8e4e1e650579a9745a2f125f0db9b22b, type: 3}
      propertyPath: m_SizeDelta.y
      value: 0
      objectReference: {fileID: 0}
    - target: {fileID: 7119559625226199973, guid: 8e4e1e650579a9745a2f125f0db9b22b, type: 3}
      propertyPath: m_AnchorMin.y
      value: 0
      objectReference: {fileID: 0}
    - target: {fileID: 7119559625226199973, guid: 8e4e1e650579a9745a2f125f0db9b22b, type: 3}
      propertyPath: m_AnchorMax.y
      value: 0
      objectReference: {fileID: 0}
    - target: {fileID: 7119559625226199973, guid: 8e4e1e650579a9745a2f125f0db9b22b, type: 3}
      propertyPath: m_AnchoredPosition.x
      value: 0
      objectReference: {fileID: 0}
    - target: {fileID: 7119559625226199973, guid: 8e4e1e650579a9745a2f125f0db9b22b, type: 3}
      propertyPath: m_AnchoredPosition.y
      value: 0
      objectReference: {fileID: 0}
    - target: {fileID: 7119559625226199973, guid: 8e4e1e650579a9745a2f125f0db9b22b, type: 3}
      propertyPath: m_SizeDelta.x
      value: 0
      objectReference: {fileID: 0}
    - target: {fileID: 7119559625226199973, guid: 8e4e1e650579a9745a2f125f0db9b22b, type: 3}
      propertyPath: m_SizeDelta.y
      value: 0
      objectReference: {fileID: 0}
    - target: {fileID: 7119559625296542685, guid: 8e4e1e650579a9745a2f125f0db9b22b, type: 3}
      propertyPath: m_AnchorMin.y
      value: 0
      objectReference: {fileID: 0}
    - target: {fileID: 7119559625296542685, guid: 8e4e1e650579a9745a2f125f0db9b22b, type: 3}
      propertyPath: m_AnchorMax.y
      value: 0
      objectReference: {fileID: 0}
    - target: {fileID: 7119559625296542685, guid: 8e4e1e650579a9745a2f125f0db9b22b, type: 3}
      propertyPath: m_AnchoredPosition.x
      value: 0
      objectReference: {fileID: 0}
    - target: {fileID: 7119559625296542685, guid: 8e4e1e650579a9745a2f125f0db9b22b, type: 3}
      propertyPath: m_AnchoredPosition.y
      value: 0
      objectReference: {fileID: 0}
    - target: {fileID: 7119559625296542685, guid: 8e4e1e650579a9745a2f125f0db9b22b, type: 3}
      propertyPath: m_SizeDelta.x
      value: 0
      objectReference: {fileID: 0}
    - target: {fileID: 7119559625296542685, guid: 8e4e1e650579a9745a2f125f0db9b22b, type: 3}
      propertyPath: m_SizeDelta.y
      value: 0
      objectReference: {fileID: 0}
    - target: {fileID: 7119559625327304189, guid: 8e4e1e650579a9745a2f125f0db9b22b, type: 3}
      propertyPath: m_AnchorMin.y
      value: 0
      objectReference: {fileID: 0}
    - target: {fileID: 7119559625327304189, guid: 8e4e1e650579a9745a2f125f0db9b22b, type: 3}
      propertyPath: m_AnchorMax.y
      value: 0
      objectReference: {fileID: 0}
    - target: {fileID: 7119559625327304189, guid: 8e4e1e650579a9745a2f125f0db9b22b, type: 3}
      propertyPath: m_AnchoredPosition.x
      value: 0
      objectReference: {fileID: 0}
    - target: {fileID: 7119559625327304189, guid: 8e4e1e650579a9745a2f125f0db9b22b, type: 3}
      propertyPath: m_AnchoredPosition.y
      value: 0
      objectReference: {fileID: 0}
    - target: {fileID: 7119559625327304189, guid: 8e4e1e650579a9745a2f125f0db9b22b, type: 3}
      propertyPath: m_SizeDelta.y
      value: 0
      objectReference: {fileID: 0}
    - target: {fileID: 7119559625333567229, guid: 8e4e1e650579a9745a2f125f0db9b22b, type: 3}
      propertyPath: m_AnchorMin.y
      value: 0
      objectReference: {fileID: 0}
    - target: {fileID: 7119559625333567229, guid: 8e4e1e650579a9745a2f125f0db9b22b, type: 3}
      propertyPath: m_AnchorMax.y
      value: 0
      objectReference: {fileID: 0}
    - target: {fileID: 7119559625333567229, guid: 8e4e1e650579a9745a2f125f0db9b22b, type: 3}
      propertyPath: m_AnchoredPosition.x
      value: 0
      objectReference: {fileID: 0}
    - target: {fileID: 7119559625333567229, guid: 8e4e1e650579a9745a2f125f0db9b22b, type: 3}
      propertyPath: m_AnchoredPosition.y
      value: 0
      objectReference: {fileID: 0}
    - target: {fileID: 7119559625333567229, guid: 8e4e1e650579a9745a2f125f0db9b22b, type: 3}
      propertyPath: m_SizeDelta.x
      value: 0
      objectReference: {fileID: 0}
    - target: {fileID: 7119559625333567229, guid: 8e4e1e650579a9745a2f125f0db9b22b, type: 3}
      propertyPath: m_SizeDelta.y
      value: 0
      objectReference: {fileID: 0}
    - target: {fileID: 7119559625359731991, guid: 8e4e1e650579a9745a2f125f0db9b22b, type: 3}
      propertyPath: m_AnchorMin.y
      value: 0
      objectReference: {fileID: 0}
    - target: {fileID: 7119559625359731991, guid: 8e4e1e650579a9745a2f125f0db9b22b, type: 3}
      propertyPath: m_AnchorMax.y
      value: 0
      objectReference: {fileID: 0}
    - target: {fileID: 7119559625359731991, guid: 8e4e1e650579a9745a2f125f0db9b22b, type: 3}
      propertyPath: m_AnchoredPosition.x
      value: 0
      objectReference: {fileID: 0}
    - target: {fileID: 7119559625359731991, guid: 8e4e1e650579a9745a2f125f0db9b22b, type: 3}
      propertyPath: m_AnchoredPosition.y
      value: 0
      objectReference: {fileID: 0}
    - target: {fileID: 7119559625359731991, guid: 8e4e1e650579a9745a2f125f0db9b22b, type: 3}
      propertyPath: m_SizeDelta.x
      value: 0
      objectReference: {fileID: 0}
    - target: {fileID: 7119559625359731991, guid: 8e4e1e650579a9745a2f125f0db9b22b, type: 3}
      propertyPath: m_SizeDelta.y
      value: 0
      objectReference: {fileID: 0}
    - target: {fileID: 7119559625374079884, guid: 8e4e1e650579a9745a2f125f0db9b22b, type: 3}
      propertyPath: m_AnchorMin.y
      value: 0
      objectReference: {fileID: 0}
    - target: {fileID: 7119559625374079884, guid: 8e4e1e650579a9745a2f125f0db9b22b, type: 3}
      propertyPath: m_AnchorMax.y
      value: 0
      objectReference: {fileID: 0}
    - target: {fileID: 7119559625374079884, guid: 8e4e1e650579a9745a2f125f0db9b22b, type: 3}
      propertyPath: m_AnchoredPosition.x
      value: 0
      objectReference: {fileID: 0}
    - target: {fileID: 7119559625374079884, guid: 8e4e1e650579a9745a2f125f0db9b22b, type: 3}
      propertyPath: m_AnchoredPosition.y
      value: 0
      objectReference: {fileID: 0}
    - target: {fileID: 7119559625374079884, guid: 8e4e1e650579a9745a2f125f0db9b22b, type: 3}
      propertyPath: m_SizeDelta.x
      value: 0
      objectReference: {fileID: 0}
    - target: {fileID: 7119559625374079884, guid: 8e4e1e650579a9745a2f125f0db9b22b, type: 3}
      propertyPath: m_SizeDelta.y
      value: 0
      objectReference: {fileID: 0}
    - target: {fileID: 7119559625412731321, guid: 8e4e1e650579a9745a2f125f0db9b22b, type: 3}
      propertyPath: m_AnchorMin.y
      value: 0
      objectReference: {fileID: 0}
    - target: {fileID: 7119559625412731321, guid: 8e4e1e650579a9745a2f125f0db9b22b, type: 3}
      propertyPath: m_AnchorMax.y
      value: 0
      objectReference: {fileID: 0}
    - target: {fileID: 7119559625412731321, guid: 8e4e1e650579a9745a2f125f0db9b22b, type: 3}
      propertyPath: m_AnchoredPosition.x
      value: 0
      objectReference: {fileID: 0}
    - target: {fileID: 7119559625412731321, guid: 8e4e1e650579a9745a2f125f0db9b22b, type: 3}
      propertyPath: m_AnchoredPosition.y
      value: 0
      objectReference: {fileID: 0}
    - target: {fileID: 7119559625412731321, guid: 8e4e1e650579a9745a2f125f0db9b22b, type: 3}
      propertyPath: m_SizeDelta.x
      value: 0
      objectReference: {fileID: 0}
    - target: {fileID: 7119559625412731321, guid: 8e4e1e650579a9745a2f125f0db9b22b, type: 3}
      propertyPath: m_SizeDelta.y
      value: 0
      objectReference: {fileID: 0}
    - target: {fileID: 7119559625515170876, guid: 8e4e1e650579a9745a2f125f0db9b22b, type: 3}
      propertyPath: m_AnchorMin.y
      value: 0
      objectReference: {fileID: 0}
    - target: {fileID: 7119559625515170876, guid: 8e4e1e650579a9745a2f125f0db9b22b, type: 3}
      propertyPath: m_AnchorMax.y
      value: 0
      objectReference: {fileID: 0}
    - target: {fileID: 7119559625515170876, guid: 8e4e1e650579a9745a2f125f0db9b22b, type: 3}
      propertyPath: m_AnchoredPosition.x
      value: 0
      objectReference: {fileID: 0}
    - target: {fileID: 7119559625515170876, guid: 8e4e1e650579a9745a2f125f0db9b22b, type: 3}
      propertyPath: m_AnchoredPosition.y
      value: 0
      objectReference: {fileID: 0}
    - target: {fileID: 7119559625515170876, guid: 8e4e1e650579a9745a2f125f0db9b22b, type: 3}
      propertyPath: m_SizeDelta.x
      value: 0
      objectReference: {fileID: 0}
    - target: {fileID: 7119559625515170876, guid: 8e4e1e650579a9745a2f125f0db9b22b, type: 3}
      propertyPath: m_SizeDelta.y
      value: 0
      objectReference: {fileID: 0}
    - target: {fileID: 7119559625607012298, guid: 8e4e1e650579a9745a2f125f0db9b22b, type: 3}
      propertyPath: m_AnchorMin.y
      value: 0
      objectReference: {fileID: 0}
    - target: {fileID: 7119559625607012298, guid: 8e4e1e650579a9745a2f125f0db9b22b, type: 3}
      propertyPath: m_AnchorMax.y
      value: 0
      objectReference: {fileID: 0}
    - target: {fileID: 7119559625607012298, guid: 8e4e1e650579a9745a2f125f0db9b22b, type: 3}
      propertyPath: m_AnchoredPosition.x
      value: 0
      objectReference: {fileID: 0}
    - target: {fileID: 7119559625607012298, guid: 8e4e1e650579a9745a2f125f0db9b22b, type: 3}
      propertyPath: m_AnchoredPosition.y
      value: 0
      objectReference: {fileID: 0}
    - target: {fileID: 7119559625607012298, guid: 8e4e1e650579a9745a2f125f0db9b22b, type: 3}
      propertyPath: m_SizeDelta.x
      value: 0
      objectReference: {fileID: 0}
    - target: {fileID: 7119559625607012298, guid: 8e4e1e650579a9745a2f125f0db9b22b, type: 3}
      propertyPath: m_SizeDelta.y
      value: 0
      objectReference: {fileID: 0}
    - target: {fileID: 7119559625624583141, guid: 8e4e1e650579a9745a2f125f0db9b22b, type: 3}
      propertyPath: m_AnchorMin.y
      value: 0
      objectReference: {fileID: 0}
    - target: {fileID: 7119559625624583141, guid: 8e4e1e650579a9745a2f125f0db9b22b, type: 3}
      propertyPath: m_AnchorMax.y
      value: 0
      objectReference: {fileID: 0}
    - target: {fileID: 7119559625624583141, guid: 8e4e1e650579a9745a2f125f0db9b22b, type: 3}
      propertyPath: m_AnchoredPosition.x
      value: 0
      objectReference: {fileID: 0}
    - target: {fileID: 7119559625624583141, guid: 8e4e1e650579a9745a2f125f0db9b22b, type: 3}
      propertyPath: m_AnchoredPosition.y
      value: 0
      objectReference: {fileID: 0}
    - target: {fileID: 7119559625624583141, guid: 8e4e1e650579a9745a2f125f0db9b22b, type: 3}
      propertyPath: m_SizeDelta.x
      value: 0
      objectReference: {fileID: 0}
    - target: {fileID: 7119559625624583141, guid: 8e4e1e650579a9745a2f125f0db9b22b, type: 3}
      propertyPath: m_SizeDelta.y
      value: 0
      objectReference: {fileID: 0}
    - target: {fileID: 7119559625641109363, guid: 8e4e1e650579a9745a2f125f0db9b22b, type: 3}
      propertyPath: m_AnchorMin.y
      value: 0
      objectReference: {fileID: 0}
    - target: {fileID: 7119559625641109363, guid: 8e4e1e650579a9745a2f125f0db9b22b, type: 3}
      propertyPath: m_AnchorMax.y
      value: 0
      objectReference: {fileID: 0}
    - target: {fileID: 7119559625641109363, guid: 8e4e1e650579a9745a2f125f0db9b22b, type: 3}
      propertyPath: m_AnchoredPosition.x
      value: 0
      objectReference: {fileID: 0}
    - target: {fileID: 7119559625641109363, guid: 8e4e1e650579a9745a2f125f0db9b22b, type: 3}
      propertyPath: m_AnchoredPosition.y
      value: 0
      objectReference: {fileID: 0}
    - target: {fileID: 7119559625641109363, guid: 8e4e1e650579a9745a2f125f0db9b22b, type: 3}
      propertyPath: m_SizeDelta.x
      value: 0
      objectReference: {fileID: 0}
    - target: {fileID: 7119559625641109363, guid: 8e4e1e650579a9745a2f125f0db9b22b, type: 3}
      propertyPath: m_SizeDelta.y
      value: 0
      objectReference: {fileID: 0}
    - target: {fileID: 7119559625667366396, guid: 8e4e1e650579a9745a2f125f0db9b22b, type: 3}
      propertyPath: m_AnchorMin.y
      value: 0
      objectReference: {fileID: 0}
    - target: {fileID: 7119559625667366396, guid: 8e4e1e650579a9745a2f125f0db9b22b, type: 3}
      propertyPath: m_AnchorMax.y
      value: 0
      objectReference: {fileID: 0}
    - target: {fileID: 7119559625667366396, guid: 8e4e1e650579a9745a2f125f0db9b22b, type: 3}
      propertyPath: m_AnchoredPosition.x
      value: 0
      objectReference: {fileID: 0}
    - target: {fileID: 7119559625667366396, guid: 8e4e1e650579a9745a2f125f0db9b22b, type: 3}
      propertyPath: m_AnchoredPosition.y
      value: 0
      objectReference: {fileID: 0}
    - target: {fileID: 7119559625667366396, guid: 8e4e1e650579a9745a2f125f0db9b22b, type: 3}
      propertyPath: m_SizeDelta.x
      value: 0
      objectReference: {fileID: 0}
    - target: {fileID: 7119559625667366396, guid: 8e4e1e650579a9745a2f125f0db9b22b, type: 3}
      propertyPath: m_SizeDelta.y
      value: 0
      objectReference: {fileID: 0}
    - target: {fileID: 7119559625668438475, guid: 8e4e1e650579a9745a2f125f0db9b22b, type: 3}
      propertyPath: m_AnchorMin.y
      value: 0
      objectReference: {fileID: 0}
    - target: {fileID: 7119559625668438475, guid: 8e4e1e650579a9745a2f125f0db9b22b, type: 3}
      propertyPath: m_AnchorMax.y
      value: 0
      objectReference: {fileID: 0}
    - target: {fileID: 7119559625668438475, guid: 8e4e1e650579a9745a2f125f0db9b22b, type: 3}
      propertyPath: m_AnchoredPosition.x
      value: 0
      objectReference: {fileID: 0}
    - target: {fileID: 7119559625668438475, guid: 8e4e1e650579a9745a2f125f0db9b22b, type: 3}
      propertyPath: m_AnchoredPosition.y
      value: 0
      objectReference: {fileID: 0}
    - target: {fileID: 7119559625668438475, guid: 8e4e1e650579a9745a2f125f0db9b22b, type: 3}
      propertyPath: m_SizeDelta.x
      value: 0
      objectReference: {fileID: 0}
    - target: {fileID: 7119559625668438475, guid: 8e4e1e650579a9745a2f125f0db9b22b, type: 3}
      propertyPath: m_SizeDelta.y
      value: 0
      objectReference: {fileID: 0}
    - target: {fileID: 7119559625684592281, guid: 8e4e1e650579a9745a2f125f0db9b22b, type: 3}
      propertyPath: m_AnchorMin.y
      value: 0
      objectReference: {fileID: 0}
    - target: {fileID: 7119559625684592281, guid: 8e4e1e650579a9745a2f125f0db9b22b, type: 3}
      propertyPath: m_AnchorMax.y
      value: 0
      objectReference: {fileID: 0}
    - target: {fileID: 7119559625684592281, guid: 8e4e1e650579a9745a2f125f0db9b22b, type: 3}
      propertyPath: m_AnchoredPosition.x
      value: 0
      objectReference: {fileID: 0}
    - target: {fileID: 7119559625684592281, guid: 8e4e1e650579a9745a2f125f0db9b22b, type: 3}
      propertyPath: m_AnchoredPosition.y
      value: 0
      objectReference: {fileID: 0}
    - target: {fileID: 7119559625684592281, guid: 8e4e1e650579a9745a2f125f0db9b22b, type: 3}
      propertyPath: m_SizeDelta.x
      value: 0
      objectReference: {fileID: 0}
    - target: {fileID: 7119559625684592281, guid: 8e4e1e650579a9745a2f125f0db9b22b, type: 3}
      propertyPath: m_SizeDelta.y
      value: 0
      objectReference: {fileID: 0}
    - target: {fileID: 7119559625696662941, guid: 8e4e1e650579a9745a2f125f0db9b22b, type: 3}
      propertyPath: m_AnchorMin.y
      value: 0
      objectReference: {fileID: 0}
    - target: {fileID: 7119559625696662941, guid: 8e4e1e650579a9745a2f125f0db9b22b, type: 3}
      propertyPath: m_AnchorMax.y
      value: 0
      objectReference: {fileID: 0}
    - target: {fileID: 7119559625696662941, guid: 8e4e1e650579a9745a2f125f0db9b22b, type: 3}
      propertyPath: m_AnchoredPosition.x
      value: 0
      objectReference: {fileID: 0}
    - target: {fileID: 7119559625696662941, guid: 8e4e1e650579a9745a2f125f0db9b22b, type: 3}
      propertyPath: m_AnchoredPosition.y
      value: 0
      objectReference: {fileID: 0}
    - target: {fileID: 7119559625696662941, guid: 8e4e1e650579a9745a2f125f0db9b22b, type: 3}
      propertyPath: m_SizeDelta.x
      value: 0
      objectReference: {fileID: 0}
    - target: {fileID: 7119559625696662941, guid: 8e4e1e650579a9745a2f125f0db9b22b, type: 3}
      propertyPath: m_SizeDelta.y
      value: 0
      objectReference: {fileID: 0}
    - target: {fileID: 7119559625704579908, guid: 8e4e1e650579a9745a2f125f0db9b22b, type: 3}
      propertyPath: m_AnchorMin.y
      value: 0
      objectReference: {fileID: 0}
    - target: {fileID: 7119559625704579908, guid: 8e4e1e650579a9745a2f125f0db9b22b, type: 3}
      propertyPath: m_AnchorMax.y
      value: 0
      objectReference: {fileID: 0}
    - target: {fileID: 7119559625704579908, guid: 8e4e1e650579a9745a2f125f0db9b22b, type: 3}
      propertyPath: m_AnchoredPosition.x
      value: 0
      objectReference: {fileID: 0}
    - target: {fileID: 7119559625704579908, guid: 8e4e1e650579a9745a2f125f0db9b22b, type: 3}
      propertyPath: m_AnchoredPosition.y
      value: 0
      objectReference: {fileID: 0}
    - target: {fileID: 7119559625704579908, guid: 8e4e1e650579a9745a2f125f0db9b22b, type: 3}
      propertyPath: m_SizeDelta.x
      value: 0
      objectReference: {fileID: 0}
    - target: {fileID: 7119559625704579908, guid: 8e4e1e650579a9745a2f125f0db9b22b, type: 3}
      propertyPath: m_SizeDelta.y
      value: 0
      objectReference: {fileID: 0}
    - target: {fileID: 7119559625785825968, guid: 8e4e1e650579a9745a2f125f0db9b22b, type: 3}
      propertyPath: playerBadge
      value: 
      objectReference: {fileID: 1257366576}
    - target: {fileID: 7119559625832286381, guid: 8e4e1e650579a9745a2f125f0db9b22b, type: 3}
      propertyPath: m_AnchorMin.y
      value: 0
      objectReference: {fileID: 0}
    - target: {fileID: 7119559625832286381, guid: 8e4e1e650579a9745a2f125f0db9b22b, type: 3}
      propertyPath: m_AnchorMax.y
      value: 0
      objectReference: {fileID: 0}
    - target: {fileID: 7119559625832286381, guid: 8e4e1e650579a9745a2f125f0db9b22b, type: 3}
      propertyPath: m_AnchoredPosition.x
      value: 0
      objectReference: {fileID: 0}
    - target: {fileID: 7119559625832286381, guid: 8e4e1e650579a9745a2f125f0db9b22b, type: 3}
      propertyPath: m_AnchoredPosition.y
      value: 0
      objectReference: {fileID: 0}
    - target: {fileID: 7119559625832286381, guid: 8e4e1e650579a9745a2f125f0db9b22b, type: 3}
      propertyPath: m_SizeDelta.x
      value: 0
      objectReference: {fileID: 0}
    - target: {fileID: 7119559625832286381, guid: 8e4e1e650579a9745a2f125f0db9b22b, type: 3}
      propertyPath: m_SizeDelta.y
      value: 0
      objectReference: {fileID: 0}
    - target: {fileID: 7119559625880950938, guid: 8e4e1e650579a9745a2f125f0db9b22b, type: 3}
      propertyPath: m_AnchorMin.y
      value: 0
      objectReference: {fileID: 0}
    - target: {fileID: 7119559625880950938, guid: 8e4e1e650579a9745a2f125f0db9b22b, type: 3}
      propertyPath: m_AnchorMax.y
      value: 0
      objectReference: {fileID: 0}
    - target: {fileID: 7119559625880950938, guid: 8e4e1e650579a9745a2f125f0db9b22b, type: 3}
      propertyPath: m_AnchoredPosition.x
      value: 0
      objectReference: {fileID: 0}
    - target: {fileID: 7119559625880950938, guid: 8e4e1e650579a9745a2f125f0db9b22b, type: 3}
      propertyPath: m_AnchoredPosition.y
      value: 0
      objectReference: {fileID: 0}
    - target: {fileID: 7119559625880950938, guid: 8e4e1e650579a9745a2f125f0db9b22b, type: 3}
      propertyPath: m_SizeDelta.x
      value: 0
      objectReference: {fileID: 0}
    - target: {fileID: 7119559625880950938, guid: 8e4e1e650579a9745a2f125f0db9b22b, type: 3}
      propertyPath: m_SizeDelta.y
      value: 0
      objectReference: {fileID: 0}
    - target: {fileID: 7119559625892915420, guid: 8e4e1e650579a9745a2f125f0db9b22b, type: 3}
      propertyPath: m_AnchorMin.y
      value: 0
      objectReference: {fileID: 0}
    - target: {fileID: 7119559625892915420, guid: 8e4e1e650579a9745a2f125f0db9b22b, type: 3}
      propertyPath: m_AnchorMax.y
      value: 0
      objectReference: {fileID: 0}
    - target: {fileID: 7119559625892915420, guid: 8e4e1e650579a9745a2f125f0db9b22b, type: 3}
      propertyPath: m_AnchoredPosition.x
      value: 0
      objectReference: {fileID: 0}
    - target: {fileID: 7119559625892915420, guid: 8e4e1e650579a9745a2f125f0db9b22b, type: 3}
      propertyPath: m_AnchoredPosition.y
      value: 0
      objectReference: {fileID: 0}
    - target: {fileID: 7119559625892915420, guid: 8e4e1e650579a9745a2f125f0db9b22b, type: 3}
      propertyPath: m_SizeDelta.x
      value: 0
      objectReference: {fileID: 0}
    - target: {fileID: 7119559625892915420, guid: 8e4e1e650579a9745a2f125f0db9b22b, type: 3}
      propertyPath: m_SizeDelta.y
      value: 0
      objectReference: {fileID: 0}
    - target: {fileID: 7119559625913361638, guid: 8e4e1e650579a9745a2f125f0db9b22b, type: 3}
      propertyPath: m_AnchorMin.y
      value: 0
      objectReference: {fileID: 0}
    - target: {fileID: 7119559625913361638, guid: 8e4e1e650579a9745a2f125f0db9b22b, type: 3}
      propertyPath: m_AnchorMax.y
      value: 0
      objectReference: {fileID: 0}
    - target: {fileID: 7119559625913361638, guid: 8e4e1e650579a9745a2f125f0db9b22b, type: 3}
      propertyPath: m_AnchoredPosition.x
      value: 0
      objectReference: {fileID: 0}
    - target: {fileID: 7119559625913361638, guid: 8e4e1e650579a9745a2f125f0db9b22b, type: 3}
      propertyPath: m_AnchoredPosition.y
      value: 0
      objectReference: {fileID: 0}
    - target: {fileID: 7119559625913361638, guid: 8e4e1e650579a9745a2f125f0db9b22b, type: 3}
      propertyPath: m_SizeDelta.x
      value: 0
      objectReference: {fileID: 0}
    - target: {fileID: 7119559625913361638, guid: 8e4e1e650579a9745a2f125f0db9b22b, type: 3}
      propertyPath: m_SizeDelta.y
      value: 0
      objectReference: {fileID: 0}
    - target: {fileID: 7119559626137335924, guid: 8e4e1e650579a9745a2f125f0db9b22b, type: 3}
      propertyPath: m_AnchorMin.y
      value: 0
      objectReference: {fileID: 0}
    - target: {fileID: 7119559626137335924, guid: 8e4e1e650579a9745a2f125f0db9b22b, type: 3}
      propertyPath: m_AnchorMax.y
      value: 0
      objectReference: {fileID: 0}
    - target: {fileID: 7119559626137335924, guid: 8e4e1e650579a9745a2f125f0db9b22b, type: 3}
      propertyPath: m_AnchoredPosition.x
      value: 0
      objectReference: {fileID: 0}
    - target: {fileID: 7119559626137335924, guid: 8e4e1e650579a9745a2f125f0db9b22b, type: 3}
      propertyPath: m_AnchoredPosition.y
      value: 0
      objectReference: {fileID: 0}
    - target: {fileID: 7119559626137335924, guid: 8e4e1e650579a9745a2f125f0db9b22b, type: 3}
      propertyPath: m_SizeDelta.x
      value: 0
      objectReference: {fileID: 0}
    - target: {fileID: 7119559626137335924, guid: 8e4e1e650579a9745a2f125f0db9b22b, type: 3}
      propertyPath: m_SizeDelta.y
      value: 0
      objectReference: {fileID: 0}
    - target: {fileID: 7119559626193051594, guid: 8e4e1e650579a9745a2f125f0db9b22b, type: 3}
      propertyPath: m_AnchorMin.y
      value: 0
      objectReference: {fileID: 0}
    - target: {fileID: 7119559626193051594, guid: 8e4e1e650579a9745a2f125f0db9b22b, type: 3}
      propertyPath: m_AnchorMax.y
      value: 0
      objectReference: {fileID: 0}
    - target: {fileID: 7119559626193051594, guid: 8e4e1e650579a9745a2f125f0db9b22b, type: 3}
      propertyPath: m_AnchoredPosition.x
      value: 0
      objectReference: {fileID: 0}
    - target: {fileID: 7119559626193051594, guid: 8e4e1e650579a9745a2f125f0db9b22b, type: 3}
      propertyPath: m_AnchoredPosition.y
      value: 0
      objectReference: {fileID: 0}
    - target: {fileID: 7119559626193051594, guid: 8e4e1e650579a9745a2f125f0db9b22b, type: 3}
      propertyPath: m_SizeDelta.x
      value: 0
      objectReference: {fileID: 0}
    - target: {fileID: 7119559626193051594, guid: 8e4e1e650579a9745a2f125f0db9b22b, type: 3}
      propertyPath: m_SizeDelta.y
      value: 0
      objectReference: {fileID: 0}
    - target: {fileID: 7119559626198623714, guid: 8e4e1e650579a9745a2f125f0db9b22b, type: 3}
      propertyPath: m_AnchorMin.y
      value: 0
      objectReference: {fileID: 0}
    - target: {fileID: 7119559626198623714, guid: 8e4e1e650579a9745a2f125f0db9b22b, type: 3}
      propertyPath: m_AnchorMax.y
      value: 0
      objectReference: {fileID: 0}
    - target: {fileID: 7119559626198623714, guid: 8e4e1e650579a9745a2f125f0db9b22b, type: 3}
      propertyPath: m_AnchoredPosition.x
      value: 0
      objectReference: {fileID: 0}
    - target: {fileID: 7119559626198623714, guid: 8e4e1e650579a9745a2f125f0db9b22b, type: 3}
      propertyPath: m_AnchoredPosition.y
      value: 0
      objectReference: {fileID: 0}
    - target: {fileID: 7119559626198623714, guid: 8e4e1e650579a9745a2f125f0db9b22b, type: 3}
      propertyPath: m_SizeDelta.x
      value: 0
      objectReference: {fileID: 0}
    - target: {fileID: 7119559626198623714, guid: 8e4e1e650579a9745a2f125f0db9b22b, type: 3}
      propertyPath: m_SizeDelta.y
      value: 0
      objectReference: {fileID: 0}
    - target: {fileID: 7119559626234003722, guid: 8e4e1e650579a9745a2f125f0db9b22b, type: 3}
      propertyPath: m_AnchorMin.y
      value: 0
      objectReference: {fileID: 0}
    - target: {fileID: 7119559626234003722, guid: 8e4e1e650579a9745a2f125f0db9b22b, type: 3}
      propertyPath: m_AnchorMax.y
      value: 0
      objectReference: {fileID: 0}
    - target: {fileID: 7119559626234003722, guid: 8e4e1e650579a9745a2f125f0db9b22b, type: 3}
      propertyPath: m_AnchoredPosition.x
      value: 0
      objectReference: {fileID: 0}
    - target: {fileID: 7119559626234003722, guid: 8e4e1e650579a9745a2f125f0db9b22b, type: 3}
      propertyPath: m_AnchoredPosition.y
      value: 0
      objectReference: {fileID: 0}
    - target: {fileID: 7119559626234003722, guid: 8e4e1e650579a9745a2f125f0db9b22b, type: 3}
      propertyPath: m_SizeDelta.x
      value: 0
      objectReference: {fileID: 0}
    - target: {fileID: 7119559626234003722, guid: 8e4e1e650579a9745a2f125f0db9b22b, type: 3}
      propertyPath: m_SizeDelta.y
      value: 0
      objectReference: {fileID: 0}
    - target: {fileID: 7119559626260760922, guid: 8e4e1e650579a9745a2f125f0db9b22b, type: 3}
      propertyPath: m_AnchorMin.y
      value: 0
      objectReference: {fileID: 0}
    - target: {fileID: 7119559626260760922, guid: 8e4e1e650579a9745a2f125f0db9b22b, type: 3}
      propertyPath: m_AnchorMax.y
      value: 0
      objectReference: {fileID: 0}
    - target: {fileID: 7119559626260760922, guid: 8e4e1e650579a9745a2f125f0db9b22b, type: 3}
      propertyPath: m_AnchoredPosition.x
      value: 0
      objectReference: {fileID: 0}
    - target: {fileID: 7119559626260760922, guid: 8e4e1e650579a9745a2f125f0db9b22b, type: 3}
      propertyPath: m_AnchoredPosition.y
      value: 0
      objectReference: {fileID: 0}
    - target: {fileID: 7119559626260760922, guid: 8e4e1e650579a9745a2f125f0db9b22b, type: 3}
      propertyPath: m_SizeDelta.x
      value: 0
      objectReference: {fileID: 0}
    - target: {fileID: 7119559626260760922, guid: 8e4e1e650579a9745a2f125f0db9b22b, type: 3}
      propertyPath: m_SizeDelta.y
      value: 0
      objectReference: {fileID: 0}
    - target: {fileID: 7119559626304238611, guid: 8e4e1e650579a9745a2f125f0db9b22b, type: 3}
      propertyPath: m_AnchorMin.y
      value: 0
      objectReference: {fileID: 0}
    - target: {fileID: 7119559626304238611, guid: 8e4e1e650579a9745a2f125f0db9b22b, type: 3}
      propertyPath: m_AnchorMax.y
      value: 0
      objectReference: {fileID: 0}
    - target: {fileID: 7119559626304238611, guid: 8e4e1e650579a9745a2f125f0db9b22b, type: 3}
      propertyPath: m_AnchoredPosition.x
      value: 0
      objectReference: {fileID: 0}
    - target: {fileID: 7119559626304238611, guid: 8e4e1e650579a9745a2f125f0db9b22b, type: 3}
      propertyPath: m_AnchoredPosition.y
      value: 0
      objectReference: {fileID: 0}
    - target: {fileID: 7119559626304238611, guid: 8e4e1e650579a9745a2f125f0db9b22b, type: 3}
      propertyPath: m_SizeDelta.x
      value: 0
      objectReference: {fileID: 0}
    - target: {fileID: 7119559626304238611, guid: 8e4e1e650579a9745a2f125f0db9b22b, type: 3}
      propertyPath: m_SizeDelta.y
      value: 0
      objectReference: {fileID: 0}
    - target: {fileID: 7119559626449326434, guid: 8e4e1e650579a9745a2f125f0db9b22b, type: 3}
      propertyPath: m_AnchorMin.y
      value: 0
      objectReference: {fileID: 0}
    - target: {fileID: 7119559626449326434, guid: 8e4e1e650579a9745a2f125f0db9b22b, type: 3}
      propertyPath: m_AnchorMax.y
      value: 0
      objectReference: {fileID: 0}
    - target: {fileID: 7119559626449326434, guid: 8e4e1e650579a9745a2f125f0db9b22b, type: 3}
      propertyPath: m_AnchoredPosition.x
      value: 0
      objectReference: {fileID: 0}
    - target: {fileID: 7119559626449326434, guid: 8e4e1e650579a9745a2f125f0db9b22b, type: 3}
      propertyPath: m_AnchoredPosition.y
      value: 0
      objectReference: {fileID: 0}
    - target: {fileID: 7119559626449326434, guid: 8e4e1e650579a9745a2f125f0db9b22b, type: 3}
      propertyPath: m_SizeDelta.x
      value: 0
      objectReference: {fileID: 0}
    - target: {fileID: 7119559626449326434, guid: 8e4e1e650579a9745a2f125f0db9b22b, type: 3}
      propertyPath: m_SizeDelta.y
      value: 0
      objectReference: {fileID: 0}
    - target: {fileID: 7119559626477916501, guid: 8e4e1e650579a9745a2f125f0db9b22b, type: 3}
      propertyPath: m_AnchorMin.y
      value: 0
      objectReference: {fileID: 0}
    - target: {fileID: 7119559626477916501, guid: 8e4e1e650579a9745a2f125f0db9b22b, type: 3}
      propertyPath: m_AnchorMax.y
      value: 0
      objectReference: {fileID: 0}
    - target: {fileID: 7119559626477916501, guid: 8e4e1e650579a9745a2f125f0db9b22b, type: 3}
      propertyPath: m_AnchoredPosition.x
      value: 0
      objectReference: {fileID: 0}
    - target: {fileID: 7119559626477916501, guid: 8e4e1e650579a9745a2f125f0db9b22b, type: 3}
      propertyPath: m_AnchoredPosition.y
      value: 0
      objectReference: {fileID: 0}
    - target: {fileID: 7119559626477916501, guid: 8e4e1e650579a9745a2f125f0db9b22b, type: 3}
      propertyPath: m_SizeDelta.x
      value: 0
      objectReference: {fileID: 0}
    - target: {fileID: 7119559626477916501, guid: 8e4e1e650579a9745a2f125f0db9b22b, type: 3}
      propertyPath: m_SizeDelta.y
      value: 0
      objectReference: {fileID: 0}
    - target: {fileID: 7119559626501418889, guid: 8e4e1e650579a9745a2f125f0db9b22b, type: 3}
      propertyPath: m_AnchorMin.y
      value: 0
      objectReference: {fileID: 0}
    - target: {fileID: 7119559626501418889, guid: 8e4e1e650579a9745a2f125f0db9b22b, type: 3}
      propertyPath: m_AnchorMax.y
      value: 0
      objectReference: {fileID: 0}
    - target: {fileID: 7119559626501418889, guid: 8e4e1e650579a9745a2f125f0db9b22b, type: 3}
      propertyPath: m_AnchoredPosition.x
      value: 0
      objectReference: {fileID: 0}
    - target: {fileID: 7119559626501418889, guid: 8e4e1e650579a9745a2f125f0db9b22b, type: 3}
      propertyPath: m_AnchoredPosition.y
      value: 0
      objectReference: {fileID: 0}
    - target: {fileID: 7119559626501418889, guid: 8e4e1e650579a9745a2f125f0db9b22b, type: 3}
      propertyPath: m_SizeDelta.y
      value: 0
      objectReference: {fileID: 0}
    - target: {fileID: 7119559626539236779, guid: 8e4e1e650579a9745a2f125f0db9b22b, type: 3}
      propertyPath: m_AnchorMin.y
      value: 0
      objectReference: {fileID: 0}
    - target: {fileID: 7119559626539236779, guid: 8e4e1e650579a9745a2f125f0db9b22b, type: 3}
      propertyPath: m_AnchorMax.y
      value: 0
      objectReference: {fileID: 0}
    - target: {fileID: 7119559626539236779, guid: 8e4e1e650579a9745a2f125f0db9b22b, type: 3}
      propertyPath: m_AnchoredPosition.x
      value: 0
      objectReference: {fileID: 0}
    - target: {fileID: 7119559626539236779, guid: 8e4e1e650579a9745a2f125f0db9b22b, type: 3}
      propertyPath: m_AnchoredPosition.y
      value: 0
      objectReference: {fileID: 0}
    - target: {fileID: 7119559626539236779, guid: 8e4e1e650579a9745a2f125f0db9b22b, type: 3}
      propertyPath: m_SizeDelta.x
      value: 0
      objectReference: {fileID: 0}
    - target: {fileID: 7119559626539236779, guid: 8e4e1e650579a9745a2f125f0db9b22b, type: 3}
      propertyPath: m_SizeDelta.y
      value: 0
      objectReference: {fileID: 0}
    - target: {fileID: 7119559626582167447, guid: 8e4e1e650579a9745a2f125f0db9b22b, type: 3}
      propertyPath: m_AnchorMin.y
      value: 0
      objectReference: {fileID: 0}
    - target: {fileID: 7119559626582167447, guid: 8e4e1e650579a9745a2f125f0db9b22b, type: 3}
      propertyPath: m_AnchorMax.y
      value: 0
      objectReference: {fileID: 0}
    - target: {fileID: 7119559626582167447, guid: 8e4e1e650579a9745a2f125f0db9b22b, type: 3}
      propertyPath: m_AnchoredPosition.x
      value: 0
      objectReference: {fileID: 0}
    - target: {fileID: 7119559626582167447, guid: 8e4e1e650579a9745a2f125f0db9b22b, type: 3}
      propertyPath: m_AnchoredPosition.y
      value: 0
      objectReference: {fileID: 0}
    - target: {fileID: 7119559626582167447, guid: 8e4e1e650579a9745a2f125f0db9b22b, type: 3}
      propertyPath: m_SizeDelta.x
      value: 0
      objectReference: {fileID: 0}
    - target: {fileID: 7119559626582167447, guid: 8e4e1e650579a9745a2f125f0db9b22b, type: 3}
      propertyPath: m_SizeDelta.y
      value: 0
      objectReference: {fileID: 0}
    - target: {fileID: 7119559626599898859, guid: 8e4e1e650579a9745a2f125f0db9b22b, type: 3}
      propertyPath: m_AnchorMin.y
      value: 0
      objectReference: {fileID: 0}
    - target: {fileID: 7119559626599898859, guid: 8e4e1e650579a9745a2f125f0db9b22b, type: 3}
      propertyPath: m_AnchorMax.y
      value: 0
      objectReference: {fileID: 0}
    - target: {fileID: 7119559626599898859, guid: 8e4e1e650579a9745a2f125f0db9b22b, type: 3}
      propertyPath: m_AnchoredPosition.x
      value: 0
      objectReference: {fileID: 0}
    - target: {fileID: 7119559626599898859, guid: 8e4e1e650579a9745a2f125f0db9b22b, type: 3}
      propertyPath: m_AnchoredPosition.y
      value: 0
      objectReference: {fileID: 0}
    - target: {fileID: 7119559626599898859, guid: 8e4e1e650579a9745a2f125f0db9b22b, type: 3}
      propertyPath: m_SizeDelta.x
      value: 0
      objectReference: {fileID: 0}
    - target: {fileID: 7119559626599898859, guid: 8e4e1e650579a9745a2f125f0db9b22b, type: 3}
      propertyPath: m_SizeDelta.y
      value: 0
      objectReference: {fileID: 0}
    - target: {fileID: 7119559626688989429, guid: 8e4e1e650579a9745a2f125f0db9b22b, type: 3}
      propertyPath: m_AnchorMin.y
      value: 0
      objectReference: {fileID: 0}
    - target: {fileID: 7119559626688989429, guid: 8e4e1e650579a9745a2f125f0db9b22b, type: 3}
      propertyPath: m_AnchorMax.y
      value: 0
      objectReference: {fileID: 0}
    - target: {fileID: 7119559626688989429, guid: 8e4e1e650579a9745a2f125f0db9b22b, type: 3}
      propertyPath: m_AnchoredPosition.x
      value: 0
      objectReference: {fileID: 0}
    - target: {fileID: 7119559626688989429, guid: 8e4e1e650579a9745a2f125f0db9b22b, type: 3}
      propertyPath: m_AnchoredPosition.y
      value: 0
      objectReference: {fileID: 0}
    - target: {fileID: 7119559626688989429, guid: 8e4e1e650579a9745a2f125f0db9b22b, type: 3}
      propertyPath: m_SizeDelta.x
      value: 0
      objectReference: {fileID: 0}
    - target: {fileID: 7119559626688989429, guid: 8e4e1e650579a9745a2f125f0db9b22b, type: 3}
      propertyPath: m_SizeDelta.y
      value: 0
      objectReference: {fileID: 0}
    - target: {fileID: 7119559626694178136, guid: 8e4e1e650579a9745a2f125f0db9b22b, type: 3}
      propertyPath: m_AnchorMin.y
      value: 0
      objectReference: {fileID: 0}
    - target: {fileID: 7119559626694178136, guid: 8e4e1e650579a9745a2f125f0db9b22b, type: 3}
      propertyPath: m_AnchorMax.y
      value: 0
      objectReference: {fileID: 0}
    - target: {fileID: 7119559626694178136, guid: 8e4e1e650579a9745a2f125f0db9b22b, type: 3}
      propertyPath: m_AnchoredPosition.x
      value: 0
      objectReference: {fileID: 0}
    - target: {fileID: 7119559626694178136, guid: 8e4e1e650579a9745a2f125f0db9b22b, type: 3}
      propertyPath: m_AnchoredPosition.y
      value: 0
      objectReference: {fileID: 0}
    - target: {fileID: 7119559626694178136, guid: 8e4e1e650579a9745a2f125f0db9b22b, type: 3}
      propertyPath: m_SizeDelta.x
      value: 0
      objectReference: {fileID: 0}
    - target: {fileID: 7119559626694178136, guid: 8e4e1e650579a9745a2f125f0db9b22b, type: 3}
      propertyPath: m_SizeDelta.y
      value: 0
      objectReference: {fileID: 0}
    - target: {fileID: 7119559626702783918, guid: 8e4e1e650579a9745a2f125f0db9b22b, type: 3}
      propertyPath: m_AnchorMin.y
      value: 0
      objectReference: {fileID: 0}
    - target: {fileID: 7119559626702783918, guid: 8e4e1e650579a9745a2f125f0db9b22b, type: 3}
      propertyPath: m_AnchorMax.y
      value: 0
      objectReference: {fileID: 0}
    - target: {fileID: 7119559626702783918, guid: 8e4e1e650579a9745a2f125f0db9b22b, type: 3}
      propertyPath: m_AnchoredPosition.x
      value: 0
      objectReference: {fileID: 0}
    - target: {fileID: 7119559626702783918, guid: 8e4e1e650579a9745a2f125f0db9b22b, type: 3}
      propertyPath: m_AnchoredPosition.y
      value: 0
      objectReference: {fileID: 0}
    - target: {fileID: 7119559626702783918, guid: 8e4e1e650579a9745a2f125f0db9b22b, type: 3}
      propertyPath: m_SizeDelta.x
      value: 0
      objectReference: {fileID: 0}
    - target: {fileID: 7119559626702783918, guid: 8e4e1e650579a9745a2f125f0db9b22b, type: 3}
      propertyPath: m_SizeDelta.y
      value: 0
      objectReference: {fileID: 0}
    - target: {fileID: 7119559626779042959, guid: 8e4e1e650579a9745a2f125f0db9b22b, type: 3}
      propertyPath: m_AnchorMin.y
      value: 0
      objectReference: {fileID: 0}
    - target: {fileID: 7119559626779042959, guid: 8e4e1e650579a9745a2f125f0db9b22b, type: 3}
      propertyPath: m_AnchorMax.y
      value: 0
      objectReference: {fileID: 0}
    - target: {fileID: 7119559626779042959, guid: 8e4e1e650579a9745a2f125f0db9b22b, type: 3}
      propertyPath: m_AnchoredPosition.x
      value: 0
      objectReference: {fileID: 0}
    - target: {fileID: 7119559626779042959, guid: 8e4e1e650579a9745a2f125f0db9b22b, type: 3}
      propertyPath: m_AnchoredPosition.y
      value: 0
      objectReference: {fileID: 0}
    - target: {fileID: 7119559626779042959, guid: 8e4e1e650579a9745a2f125f0db9b22b, type: 3}
      propertyPath: m_SizeDelta.x
      value: 0
      objectReference: {fileID: 0}
    - target: {fileID: 7119559626779042959, guid: 8e4e1e650579a9745a2f125f0db9b22b, type: 3}
      propertyPath: m_SizeDelta.y
      value: 0
      objectReference: {fileID: 0}
    - target: {fileID: 7119559626801452919, guid: 8e4e1e650579a9745a2f125f0db9b22b, type: 3}
      propertyPath: m_AnchorMin.y
      value: 0
      objectReference: {fileID: 0}
    - target: {fileID: 7119559626801452919, guid: 8e4e1e650579a9745a2f125f0db9b22b, type: 3}
      propertyPath: m_AnchorMax.y
      value: 0
      objectReference: {fileID: 0}
    - target: {fileID: 7119559626801452919, guid: 8e4e1e650579a9745a2f125f0db9b22b, type: 3}
      propertyPath: m_AnchoredPosition.x
      value: 0
      objectReference: {fileID: 0}
    - target: {fileID: 7119559626801452919, guid: 8e4e1e650579a9745a2f125f0db9b22b, type: 3}
      propertyPath: m_AnchoredPosition.y
      value: 0
      objectReference: {fileID: 0}
    - target: {fileID: 7119559626801452919, guid: 8e4e1e650579a9745a2f125f0db9b22b, type: 3}
      propertyPath: m_SizeDelta.x
      value: 0
      objectReference: {fileID: 0}
    - target: {fileID: 7119559626801452919, guid: 8e4e1e650579a9745a2f125f0db9b22b, type: 3}
      propertyPath: m_SizeDelta.y
      value: 0
      objectReference: {fileID: 0}
    - target: {fileID: 7119559626806863191, guid: 8e4e1e650579a9745a2f125f0db9b22b, type: 3}
      propertyPath: m_AnchorMin.y
      value: 0
      objectReference: {fileID: 0}
    - target: {fileID: 7119559626806863191, guid: 8e4e1e650579a9745a2f125f0db9b22b, type: 3}
      propertyPath: m_AnchorMax.y
      value: 0
      objectReference: {fileID: 0}
    - target: {fileID: 7119559626806863191, guid: 8e4e1e650579a9745a2f125f0db9b22b, type: 3}
      propertyPath: m_AnchoredPosition.x
      value: 0
      objectReference: {fileID: 0}
    - target: {fileID: 7119559626806863191, guid: 8e4e1e650579a9745a2f125f0db9b22b, type: 3}
      propertyPath: m_AnchoredPosition.y
      value: 0
      objectReference: {fileID: 0}
    - target: {fileID: 7119559626806863191, guid: 8e4e1e650579a9745a2f125f0db9b22b, type: 3}
      propertyPath: m_SizeDelta.x
      value: 0
      objectReference: {fileID: 0}
    - target: {fileID: 7119559626806863191, guid: 8e4e1e650579a9745a2f125f0db9b22b, type: 3}
      propertyPath: m_SizeDelta.y
      value: 0
      objectReference: {fileID: 0}
    - target: {fileID: 7119559626813007888, guid: 8e4e1e650579a9745a2f125f0db9b22b, type: 3}
      propertyPath: m_AnchorMin.y
      value: 0
      objectReference: {fileID: 0}
    - target: {fileID: 7119559626813007888, guid: 8e4e1e650579a9745a2f125f0db9b22b, type: 3}
      propertyPath: m_AnchorMax.y
      value: 0
      objectReference: {fileID: 0}
    - target: {fileID: 7119559626813007888, guid: 8e4e1e650579a9745a2f125f0db9b22b, type: 3}
      propertyPath: m_AnchoredPosition.x
      value: 0
      objectReference: {fileID: 0}
    - target: {fileID: 7119559626813007888, guid: 8e4e1e650579a9745a2f125f0db9b22b, type: 3}
      propertyPath: m_AnchoredPosition.y
      value: 0
      objectReference: {fileID: 0}
    - target: {fileID: 7119559626813007888, guid: 8e4e1e650579a9745a2f125f0db9b22b, type: 3}
      propertyPath: m_SizeDelta.x
      value: 0
      objectReference: {fileID: 0}
    - target: {fileID: 7119559626813007888, guid: 8e4e1e650579a9745a2f125f0db9b22b, type: 3}
      propertyPath: m_SizeDelta.y
      value: 0
      objectReference: {fileID: 0}
    - target: {fileID: 7119559626819512818, guid: 8e4e1e650579a9745a2f125f0db9b22b, type: 3}
      propertyPath: m_AnchorMin.y
      value: 0
      objectReference: {fileID: 0}
    - target: {fileID: 7119559626819512818, guid: 8e4e1e650579a9745a2f125f0db9b22b, type: 3}
      propertyPath: m_AnchorMax.y
      value: 0
      objectReference: {fileID: 0}
    - target: {fileID: 7119559626819512818, guid: 8e4e1e650579a9745a2f125f0db9b22b, type: 3}
      propertyPath: m_AnchoredPosition.x
      value: 0
      objectReference: {fileID: 0}
    - target: {fileID: 7119559626819512818, guid: 8e4e1e650579a9745a2f125f0db9b22b, type: 3}
      propertyPath: m_AnchoredPosition.y
      value: 0
      objectReference: {fileID: 0}
    - target: {fileID: 7119559626819512818, guid: 8e4e1e650579a9745a2f125f0db9b22b, type: 3}
      propertyPath: m_SizeDelta.x
      value: 0
      objectReference: {fileID: 0}
    - target: {fileID: 7119559626819512818, guid: 8e4e1e650579a9745a2f125f0db9b22b, type: 3}
      propertyPath: m_SizeDelta.y
      value: 0
      objectReference: {fileID: 0}
    - target: {fileID: 7119559626838024243, guid: 8e4e1e650579a9745a2f125f0db9b22b, type: 3}
      propertyPath: m_AnchorMin.y
      value: 0
      objectReference: {fileID: 0}
    - target: {fileID: 7119559626838024243, guid: 8e4e1e650579a9745a2f125f0db9b22b, type: 3}
      propertyPath: m_AnchorMax.y
      value: 0
      objectReference: {fileID: 0}
    - target: {fileID: 7119559626838024243, guid: 8e4e1e650579a9745a2f125f0db9b22b, type: 3}
      propertyPath: m_AnchoredPosition.x
      value: 0
      objectReference: {fileID: 0}
    - target: {fileID: 7119559626838024243, guid: 8e4e1e650579a9745a2f125f0db9b22b, type: 3}
      propertyPath: m_AnchoredPosition.y
      value: 0
      objectReference: {fileID: 0}
    - target: {fileID: 7119559626838024243, guid: 8e4e1e650579a9745a2f125f0db9b22b, type: 3}
      propertyPath: m_SizeDelta.x
      value: 0
      objectReference: {fileID: 0}
    - target: {fileID: 7119559626838024243, guid: 8e4e1e650579a9745a2f125f0db9b22b, type: 3}
      propertyPath: m_SizeDelta.y
      value: 0
      objectReference: {fileID: 0}
    - target: {fileID: 7119559626885493614, guid: 8e4e1e650579a9745a2f125f0db9b22b, type: 3}
      propertyPath: m_AnchorMin.y
      value: 0
      objectReference: {fileID: 0}
    - target: {fileID: 7119559626885493614, guid: 8e4e1e650579a9745a2f125f0db9b22b, type: 3}
      propertyPath: m_AnchorMax.y
      value: 0
      objectReference: {fileID: 0}
    - target: {fileID: 7119559626885493614, guid: 8e4e1e650579a9745a2f125f0db9b22b, type: 3}
      propertyPath: m_AnchoredPosition.x
      value: 0
      objectReference: {fileID: 0}
    - target: {fileID: 7119559626885493614, guid: 8e4e1e650579a9745a2f125f0db9b22b, type: 3}
      propertyPath: m_AnchoredPosition.y
      value: 0
      objectReference: {fileID: 0}
    - target: {fileID: 7119559626885493614, guid: 8e4e1e650579a9745a2f125f0db9b22b, type: 3}
      propertyPath: m_SizeDelta.x
      value: 0
      objectReference: {fileID: 0}
    - target: {fileID: 7119559626885493614, guid: 8e4e1e650579a9745a2f125f0db9b22b, type: 3}
      propertyPath: m_SizeDelta.y
      value: 0
      objectReference: {fileID: 0}
    - target: {fileID: 7119559626894480344, guid: 8e4e1e650579a9745a2f125f0db9b22b, type: 3}
      propertyPath: m_AnchorMin.y
      value: 0
      objectReference: {fileID: 0}
    - target: {fileID: 7119559626894480344, guid: 8e4e1e650579a9745a2f125f0db9b22b, type: 3}
      propertyPath: m_AnchorMax.y
      value: 0
      objectReference: {fileID: 0}
    - target: {fileID: 7119559626894480344, guid: 8e4e1e650579a9745a2f125f0db9b22b, type: 3}
      propertyPath: m_AnchoredPosition.x
      value: 0
      objectReference: {fileID: 0}
    - target: {fileID: 7119559626894480344, guid: 8e4e1e650579a9745a2f125f0db9b22b, type: 3}
      propertyPath: m_AnchoredPosition.y
      value: 0
      objectReference: {fileID: 0}
    - target: {fileID: 7119559626894480344, guid: 8e4e1e650579a9745a2f125f0db9b22b, type: 3}
      propertyPath: m_SizeDelta.x
      value: 0
      objectReference: {fileID: 0}
    - target: {fileID: 7119559626894480344, guid: 8e4e1e650579a9745a2f125f0db9b22b, type: 3}
      propertyPath: m_SizeDelta.y
      value: 0
      objectReference: {fileID: 0}
    - target: {fileID: 7119559626995989967, guid: 8e4e1e650579a9745a2f125f0db9b22b, type: 3}
      propertyPath: m_AnchorMin.y
      value: 0
      objectReference: {fileID: 0}
    - target: {fileID: 7119559626995989967, guid: 8e4e1e650579a9745a2f125f0db9b22b, type: 3}
      propertyPath: m_AnchorMax.y
      value: 0
      objectReference: {fileID: 0}
    - target: {fileID: 7119559626995989967, guid: 8e4e1e650579a9745a2f125f0db9b22b, type: 3}
      propertyPath: m_AnchoredPosition.x
      value: 0
      objectReference: {fileID: 0}
    - target: {fileID: 7119559626995989967, guid: 8e4e1e650579a9745a2f125f0db9b22b, type: 3}
      propertyPath: m_AnchoredPosition.y
      value: 0
      objectReference: {fileID: 0}
    - target: {fileID: 7119559626995989967, guid: 8e4e1e650579a9745a2f125f0db9b22b, type: 3}
      propertyPath: m_SizeDelta.x
      value: 0
      objectReference: {fileID: 0}
    - target: {fileID: 7119559626995989967, guid: 8e4e1e650579a9745a2f125f0db9b22b, type: 3}
      propertyPath: m_SizeDelta.y
      value: 0
      objectReference: {fileID: 0}
    - target: {fileID: 7119559626996405669, guid: 8e4e1e650579a9745a2f125f0db9b22b, type: 3}
      propertyPath: m_AnchorMin.y
      value: 0
      objectReference: {fileID: 0}
    - target: {fileID: 7119559626996405669, guid: 8e4e1e650579a9745a2f125f0db9b22b, type: 3}
      propertyPath: m_AnchorMax.y
      value: 0
      objectReference: {fileID: 0}
    - target: {fileID: 7119559626996405669, guid: 8e4e1e650579a9745a2f125f0db9b22b, type: 3}
      propertyPath: m_AnchoredPosition.x
      value: 0
      objectReference: {fileID: 0}
    - target: {fileID: 7119559626996405669, guid: 8e4e1e650579a9745a2f125f0db9b22b, type: 3}
      propertyPath: m_AnchoredPosition.y
      value: 0
      objectReference: {fileID: 0}
    - target: {fileID: 7119559626996405669, guid: 8e4e1e650579a9745a2f125f0db9b22b, type: 3}
      propertyPath: m_SizeDelta.x
      value: 0
      objectReference: {fileID: 0}
    - target: {fileID: 7119559626996405669, guid: 8e4e1e650579a9745a2f125f0db9b22b, type: 3}
      propertyPath: m_SizeDelta.y
      value: 0
      objectReference: {fileID: 0}
    - target: {fileID: 7119559627023431644, guid: 8e4e1e650579a9745a2f125f0db9b22b, type: 3}
      propertyPath: m_AnchorMin.y
      value: 0
      objectReference: {fileID: 0}
    - target: {fileID: 7119559627023431644, guid: 8e4e1e650579a9745a2f125f0db9b22b, type: 3}
      propertyPath: m_AnchorMax.y
      value: 0
      objectReference: {fileID: 0}
    - target: {fileID: 7119559627023431644, guid: 8e4e1e650579a9745a2f125f0db9b22b, type: 3}
      propertyPath: m_AnchoredPosition.x
      value: 0
      objectReference: {fileID: 0}
    - target: {fileID: 7119559627023431644, guid: 8e4e1e650579a9745a2f125f0db9b22b, type: 3}
      propertyPath: m_AnchoredPosition.y
      value: 0
      objectReference: {fileID: 0}
    - target: {fileID: 7119559627023431644, guid: 8e4e1e650579a9745a2f125f0db9b22b, type: 3}
      propertyPath: m_SizeDelta.x
      value: 0
      objectReference: {fileID: 0}
    - target: {fileID: 7119559627023431644, guid: 8e4e1e650579a9745a2f125f0db9b22b, type: 3}
      propertyPath: m_SizeDelta.y
      value: 0
      objectReference: {fileID: 0}
    m_RemovedComponents: []
  m_SourcePrefab: {fileID: 100100000, guid: 8e4e1e650579a9745a2f125f0db9b22b, type: 3}
